<?xml version="1.0" encoding="UTF-8"?>
<!DOCTYPE html PUBLIC "-//W3C//DTD XHTML 1.0 Transitional//EN"
    "http://www.w3.org/TR/xhtml1/DTD/xhtml1-transitional.dtd">
<html xmlns="http://www.w3.org/1999/xhtml" xml:lang="en" lang="en">
 <head>
  <title>
</title>
<meta http-equiv="Content-Type" content="text/html;charset=utf-8" />
  <meta name='ocr-system' content='tesseract 3.04.00' />
  <meta name='ocr-capabilities' content='ocr_page ocr_carea ocr_par ocr_line ocrx_word'/>
</head>
<body>
  <div class='ocr_page' id='page_1' title='image "./corpusscriptoru08berlgoog/corpusscriptoru08berlgoog_0450.png"; bbox 0 0 2930 5002; ppageno 0'>
   <div class='ocr_carea' id='block_1_1' title="bbox 539 396 1230 471">
    <p class='ocr_par' dir='ltr' id='par_1_1' title="bbox 539 396 1230 471">
     <span class='ocr_line' id='line_1_1' title="bbox 539 396 1230 471; baseline 0 -3"><span class='ocrx_word' id='word_1_1' title='bbox 539 397 688 468; x_wconf 71' lang='lat' dir='ltr'>nonunt</span> <span class='ocrx_word' id='word_1_2' title='bbox 711 399 747 466; x_wconf 81' lang='lat' dir='ltr'>L.</span> <span class='ocrx_word' id='word_1_3' title='bbox 772 396 830 471; x_wconf 89' lang='lat'>111.</span> <span class='ocrx_word' id='word_1_4' title='bbox 1180 396 1230 468; x_wconf 78' lang='lat'>⁷3</span> 
     </span>
    </p>
   </div>
   <div class='ocr_carea' id='block_1_2' title="bbox 86 561 1271 2506">
    <p class='ocr_par' dir='ltr' id='par_1_2' title="bbox 135 561 1233 966">
     <span class='ocr_line' id='line_1_2' title="bbox 137 561 1233 659; baseline -0.009 -18"><span class='ocrx_word' id='word_1_5' title='bbox 137 572 246 658; x_wconf 83' lang='grc' dir='ltr'><strong><em>Γέρων</em></strong></span> <span class='ocrx_word' id='word_1_6' title='bbox 264 571 427 659; x_wconf 76' lang='grc' dir='ltr'><strong><em>έκέιιλητο,</em></strong></span> <span class='ocrx_word' id='word_1_7' title='bbox 458 565 732 656; x_wconf 83' lang='grc' dir='ltr'><strong><em>προσημηνάμενος</em></strong></span> <span class='ocrx_word' id='word_1_8' title='bbox 752 565 858 658; x_wconf 88' lang='grc' dir='ltr'><strong><em>λάθρο</em></strong></span> <span class='ocrx_word' id='word_1_9' title='bbox 879 568 931 638; x_wconf 81' lang='grc' dir='ltr'>καλ</span> <span class='ocrx_word' id='word_1_10' title='bbox 949 577 1015 646; x_wconf 70' lang='grc' dir='ltr'><strong><em>τοῖς</em></strong></span> <span class='ocrx_word' id='word_1_11' title='bbox 1036 561 1158 643; x_wconf 85' lang='grc' dir='ltr'><strong><em>ναέταις</em></strong></span> <span class='ocrx_word' id='word_1_12' title='bbox 1176 572 1233 652; x_wconf 78' lang='grc' dir='ltr'>τῆς</span> 
     </span>
     <span class='ocr_line' id='line_1_3' title="bbox 136 669 1232 762; baseline -0.006 -19"><span class='ocrx_word' id='word_1_13' title='bbox 136 674 258 754; x_wconf 78' lang='grc' dir='ltr'><strong><em>πόλεως</em></strong></span> <span class='ocrx_word' id='word_1_14' title='bbox 279 677 335 762; x_wconf 78' lang='grc' dir='ltr'>τὴν</span> <span class='ocrx_word' id='word_1_15' title='bbox 350 676 480 742; x_wconf 76' lang='grc' dir='ltr'><strong><em>δέουσαν</em></strong></span> <span class='ocrx_word' id='word_1_16' title='bbox 495 675 643 742; x_wconf 73' lang='grc' dir='ltr'><strong><em>ἐπιθεῖναι</em></strong></span> <span class='ocrx_word' id='word_1_17' title='bbox 659 669 809 759; x_wconf 79' lang='grc' dir='ltr'><strong><em>δχδρσιοιν</em></strong></span> <span class='ocrx_word' id='word_1_18' title='bbox 825 673 877 739; x_wconf 78' lang='grc' dir='ltr'>διὰ</span> <span class='ocrx_word' id='word_1_19' title='bbox 891 672 947 757; x_wconf 73' lang='grc' dir='ltr'>τὴν</span> <span class='ocrx_word' id='word_1_20' title='bbox 962 679 1024 741; x_wconf 82' lang='grc' dir='ltr'>τῶν</span> <span class='ocrx_word' id='word_1_21' title='bbox 1042 674 1232 756; x_wconf 82' lang='grc' dir='ltr'><strong><em>Σαροιιηνῶν</em></strong></span> 
     </span>
     <span class='ocr_line' id='line_1_4' title="bbox 135 769 1232 868; baseline -0.005 -22"><span class='ocrx_word' id='word_1_22' title='bbox 135 777 285 865; x_wconf 77' lang='grc' dir='ltr'><strong><em>ἔοσμένην</em></strong></span> <span class='ocrx_word' id='word_1_23' title='bbox 299 780 422 868; x_wconf 68' lang='grc' dir='ltr'><strong><em>ἔφοδον.</em></strong></span> <span class='ocrx_word' id='word_1_24' title='bbox 473 784 536 845; x_wconf 86' lang='grc' dir='ltr'>τῶν</span> <span class='ocrx_word' id='word_1_25' title='bbox 553 770 609 844; x_wconf 77' lang='grc' dir='ltr'>οἶν</span> <span class='ocrx_word' id='word_1_26' title='bbox 623 774 775 862; x_wconf 71' lang='grc' dir='ltr'><strong><em>ἑκατέραν</em></strong></span> <span class='ocrx_word' id='word_1_27' title='bbox 787 783 890 864; x_wconf 83' lang='grc' dir='ltr'><strong><em>μερῶν</em></strong></span> <span class='ocrx_word' id='word_1_28' title='bbox 904 769 1232 861; x_wconf 78' lang='grc' dir='ltr'><strong><em>στρατοπεδευσάντων</em></strong></span> 
     </span>
     <span class='ocr_line' id='line_1_5' title="bbox 135 874 1232 966; baseline -0.005 -18"><span class='ocrx_word' id='word_1_29' title='bbox 135 882 246 960; x_wconf 74' lang='grc' dir='ltr'><strong><em>έξεισιν</em></strong></span> <span class='ocrx_word' id='word_1_30' title='bbox 272 882 375 966; x_wconf 79' lang='grc' dir='ltr'><strong><em>ὥσπερ</em></strong></span> <span class='ocrx_word' id='word_1_31' title='bbox 402 880 569 966; x_wconf 79' lang='grc' dir='ltr'><strong><em>ἀγωνιστὴς</em></strong></span> <span class='ocrx_word' id='word_1_32' title='bbox 590 882 773 965; x_wconf 82' lang='grc' dir='ltr'><strong><em>τολμητιάς,</em></strong></span> <span class='ocrx_word' id='word_1_33' title='bbox 800 883 850 947; x_wconf 71' lang='grc' dir='ltr'>καὶ</span> <span class='ocrx_word' id='word_1_34' title='bbox 870 878 908 946; x_wconf 87' lang='grc' dir='ltr'>τδ</span> <span class='ocrx_word' id='word_1_35' title='bbox 930 876 1006 965; x_wconf 81' lang='grc' dir='ltr'><strong><em>δόρει</em></strong></span> <span class='ocrx_word' id='word_1_36' title='bbox 1029 877 1072 953; x_wconf 71' lang='lat' dir='ltr'>sic</span> <span class='ocrx_word' id='word_1_37' title='bbox 1093 874 1232 943; x_wconf 84' lang='grc' dir='ltr'><strong><em>τοάπέοιο</em></strong></span> 
     </span>
    </p>

    <p class='ocr_par' dir='ltr' id='par_1_3' title="bbox 109 979 1229 1073">
     <span class='ocr_line' id='line_1_6' title="bbox 109 979 1229 1073; baseline -0.001 -26"><span class='ocrx_word' id='word_1_38' title='bbox 109 987 301 1073; x_wconf 67' lang='grc' dir='ltr'><strong><em>επροτεένας</em></strong></span> <span class='ocrx_word' id='word_1_39' title='bbox 321 994 387 1059; x_wconf 77' lang='grc' dir='ltr'><strong><em>τοῖς</em></strong></span> <span class='ocrx_word' id='word_1_40' title='bbox 408 987 608 1070; x_wconf 82' lang='grc' dir='ltr'><strong><em>Χριστιανοῖς</em></strong></span> <span class='ocrx_word' id='word_1_41' title='bbox 620 982 699 1059; x_wconf 73' lang='grc' dir='ltr'><strong><em>ὅλαις</em></strong></span> <span class='ocrx_word' id='word_1_42' title='bbox 711 984 894 1050; x_wconf 80' lang='grc' dir='ltr'><strong><em>συντέτακτο</em></strong></span> <span class='ocrx_word' id='word_1_43' title='bbox 914 981 992 1069; x_wconf 88' lang='grc' dir='ltr'><strong><em>πρδς</em></strong></span> <span class='ocrx_word' id='word_1_44' title='bbox 1006 982 1062 1066; x_wconf 76' lang='grc' dir='ltr'>τὴν</span> <span class='ocrx_word' id='word_1_45' title='bbox 1077 979 1229 1065; x_wconf 77' lang='grc' dir='ltr'><strong><em>ῥηθεῖσαν</em></strong></span> 
     </span>
    </p>

    <p class='ocr_par' dir='ltr' id='par_1_4' title="bbox 86 1066 1267 1483">
     <span class='ocr_line' id='line_1_7' title="bbox 86 1066 1267 1176; baseline -0.003 -23"><span class='ocrx_word' id='word_1_46' title='bbox 86 1066 94 1093; x_wconf 33' lang='lat' dir='ltr'>x</span> <span class='ocrx_word' id='word_1_47' title='bbox 134 1091 284 1169; x_wconf 73' lang='grc' dir='ltr'><strong><em>πολίχνην</em></strong></span> <span class='ocrx_word' id='word_1_48' title='bbox 308 1083 510 1173; x_wconf 74' lang='grc' dir='ltr'><strong><em>καταφαγών,</em></strong></span> <span class='ocrx_word' id='word_1_49' title='bbox 544 1093 588 1176; x_wconf 76' lang='grc' dir='ltr'>τῷ</span> <span class='ocrx_word' id='word_1_50' title='bbox 608 1112 641 1153; x_wconf 88' lang='grc' dir='ltr'>τε</span> <span class='ocrx_word' id='word_1_51' title='bbox 659 1085 717 1175; x_wconf 75' lang='grc' dir='ltr'>υἱῷ</span> <span class='ocrx_word' id='word_1_52' title='bbox 735 1092 791 1152; x_wconf 79' lang='grc' dir='ltr'>τοῦ</span> <span class='ocrx_word' id='word_1_53' title='bbox 809 1086 1025 1171; x_wconf 82' lang='grc' dir='ltr'><strong><em>ἀμεραμνοονῆ</em></strong></span> <span class='ocrx_word' id='word_1_54' title='bbox 1043 1079 1267 1169; x_wconf 76' lang='grc' dir='ltr'><strong><em>χοριστήριαῦ</em></strong></span> 
     </span>
     <span class='ocr_line' id='line_1_8' title="bbox 135 1181 1229 1276; baseline -0.003 -20"><span class='ocrx_word' id='word_1_55' title='bbox 135 1190 316 1272; x_wconf 84' lang='grc' dir='ltr'><strong><em>διεπέμπετο</em></strong></span> <span class='ocrx_word' id='word_1_56' title='bbox 331 1181 368 1255; x_wconf 74' lang='grc' dir='ltr'>οὗ</span> <span class='ocrx_word' id='word_1_57' title='bbox 381 1190 459 1275; x_wconf 85' lang='grc' dir='ltr'><strong><em>πρδς</em></strong></span> <span class='ocrx_word' id='word_1_58' title='bbox 471 1189 567 1256; x_wconf 70' lang='lat' dir='ltr'>adcor</span> <span class='ocrx_word' id='word_1_59' title='bbox 577 1186 670 1276; x_wconf 85' lang='grc' dir='ltr'><strong><em>χάριν</em></strong></span> <span class='ocrx_word' id='word_1_60' title='bbox 684 1189 816 1272; x_wconf 83' lang='grc' dir='ltr'><strong><em>εάμενῶς</em></strong></span> <span class='ocrx_word' id='word_1_61' title='bbox 828 1189 1010 1275; x_wconf 84' lang='grc' dir='ltr'><strong><em>διετέθησαν</em></strong></span> <span class='ocrx_word' id='word_1_62' title='bbox 1017 1235 1028 1267; x_wconf 91' lang='grc'><strong><em>,</em></strong></span> <span class='ocrx_word' id='word_1_63' title='bbox 1054 1187 1105 1252; x_wconf 78' lang='grc' dir='ltr'>καὶ</span> <span class='ocrx_word' id='word_1_64' title='bbox 1119 1192 1157 1273; x_wconf 78' lang='grc' dir='ltr'>τῇ</span> <span class='ocrx_word' id='word_1_65' title='bbox 1169 1182 1229 1253; x_wconf 79' lang='grc' dir='ltr'><strong><em>πό-</em></strong></span> 
     </span>
     <span class='ocr_line' id='line_1_9' title="bbox 135 1284 1228 1380; baseline -0.003 -22"><span class='ocrx_word' id='word_1_66' title='bbox 135 1299 183 1358; x_wconf 85' lang='grc' dir='ltr'>λει</span> <span class='ocrx_word' id='word_1_67' title='bbox 199 1298 394 1377; x_wconf 76' lang='grc' dir='ltr'><strong><em>χαρμονικάς</em></strong></span> <span class='ocrx_word' id='word_1_68' title='bbox 406 1289 610 1378; x_wconf 70' lang='grc' dir='ltr'><strong><em>ἐπεδήμησεν,</em></strong></span> <span class='ocrx_word' id='word_1_69' title='bbox 638 1293 688 1357; x_wconf 80' lang='grc' dir='ltr'>καλ</span> <span class='ocrx_word' id='word_1_70' title='bbox 704 1300 748 1380; x_wconf 80' lang='grc' dir='ltr'>τῷ</span> <span class='ocrx_word' id='word_1_71' title='bbox 764 1293 796 1358; x_wconf 86' lang='grc' dir='ltr'>έν</span> <span class='ocrx_word' id='word_1_72' title='bbox 809 1293 998 1376; x_wconf 82' lang='grc' dir='ltr'><strong><em>Βλοχέρνοιις</em></strong></span> <span class='ocrx_word' id='word_1_73' title='bbox 1010 1294 1065 1374; x_wconf 76' lang='grc' dir='ltr'>τῆς</span> <span class='ocrx_word' id='word_1_74' title='bbox 1077 1284 1228 1355; x_wconf 81' lang='grc' dir='ltr'><strong><em>θεοτάκοο</em></strong></span> 
     </span>
     <span class='ocr_line' id='line_1_10' title="bbox 135 1390 1229 1483; baseline 0 -25"><span class='ocrx_word' id='word_1_75' title='bbox 135 1391 231 1481; x_wconf 73' lang='grc' dir='ltr'><strong><em>εἰσῄει</em></strong></span> <span class='ocrx_word' id='word_1_76' title='bbox 249 1400 332 1483; x_wconf 75' lang='grc' dir='ltr'><strong><em>ναῷ,</em></strong></span> <span class='ocrx_word' id='word_1_77' title='bbox 359 1392 401 1472; x_wconf 79' lang='grc' dir='ltr'>ὥς</span> <span class='ocrx_word' id='word_1_78' title='bbox 422 1397 455 1461; x_wconf 81' lang='grc' dir='ltr'>έν</span> <span class='ocrx_word' id='word_1_79' title='bbox 478 1392 579 1482; x_wconf 74' lang='grc' dir='ltr'><strong><em>τούτῳ</em></strong></span> <span class='ocrx_word' id='word_1_80' title='bbox 600 1395 692 1460; x_wconf 89' lang='grc' dir='ltr'><strong><em>πλέον</em></strong></span> <span class='ocrx_word' id='word_1_81' title='bbox 712 1394 800 1472; x_wconf 72' lang='lat' dir='ltr'>sidric</span> <span class='ocrx_word' id='word_1_82' title='bbox 820 1395 873 1461; x_wconf 86' lang='grc' dir='ltr'>τὸν</span> <span class='ocrx_word' id='word_1_83' title='bbox 897 1392 1049 1482; x_wconf 79' lang='grc' dir='ltr'><strong><em>Θεόφιλον</em></strong></span> <span class='ocrx_word' id='word_1_84' title='bbox 1067 1390 1229 1475; x_wconf 88' lang='grc' dir='ltr'><strong><em>ἀπονέμειν</em></strong></span> 
     </span>
    </p>

    <p class='ocr_par' dir='ltr' id='par_1_5' title="bbox 94 1489 1228 1687">
     <span class='ocr_line' id='line_1_11' title="bbox 94 1489 1228 1585; baseline 0.002 -25"><span class='ocrx_word' id='word_1_85' title='bbox 94 1508 128 1560; x_wconf 84' lang='grc'>10</span> <span class='ocrx_word' id='word_1_86' title='bbox 136 1496 233 1578; x_wconf 76' lang='grc' dir='ltr'><strong><em>σέβας</em></strong></span> <span class='ocrx_word' id='word_1_87' title='bbox 253 1498 429 1580; x_wconf 73' lang='grc' dir='ltr'><strong><em>αἰδέσιμον·</em></strong></span> <span class='ocrx_word' id='word_1_88' title='bbox 456 1495 515 1585; x_wconf 84' lang='lat' dir='ltr'>aip&#39;</span> <span class='ocrx_word' id='word_1_89' title='bbox 536 1489 573 1564; x_wconf 74' lang='lat' dir='ltr'>oi</span> <span class='ocrx_word' id='word_1_90' title='bbox 586 1499 636 1563; x_wconf 78' lang='grc' dir='ltr'><strong><em>ιιαέ</em></strong></span> <span class='ocrx_word' id='word_1_91' title='bbox 649 1500 863 1585; x_wconf 80' lang='grc' dir='ltr'><strong><em>πληροφορέαν</em></strong></span> <span class='ocrx_word' id='word_1_92' title='bbox 879 1497 1076 1581; x_wconf 81' lang='grc' dir='ltr'><strong><em>συμπαθεέας</em></strong></span> <span class='ocrx_word' id='word_1_93' title='bbox 1091 1494 1228 1562; x_wconf 83' lang='grc' dir='ltr'><strong><em>έδέδεκτο</em></strong></span> 
     </span>
     <span class='ocr_line' id='line_1_12' title="bbox 134 1594 1153 1687; baseline -0.001 -22"><span class='ocrx_word' id='word_1_94' title='bbox 134 1602 187 1665; x_wconf 76' lang='grc' dir='ltr'>καὶ</span> <span class='ocrx_word' id='word_1_95' title='bbox 201 1601 250 1666; x_wconf 85' lang='grc' dir='ltr'><strong><em>έπλ</em></strong></span> <span class='ocrx_word' id='word_1_96' title='bbox 267 1608 408 1667; x_wconf 78' lang='grc' dir='ltr'><strong><em>πλεῖστοι</em></strong></span> <span class='ocrx_word' id='word_1_97' title='bbox 422 1603 642 1687; x_wconf 73' lang='grc' dir='ltr'><strong><em>περιλοτέμητο</em></strong></span> <span class='ocrx_word' id='word_1_98' title='bbox 650 1649 661 1681; x_wconf 94' lang='grc'><strong><em>,</em></strong></span> <span class='ocrx_word' id='word_1_99' title='bbox 685 1603 912 1685; x_wconf 73' lang='grc' dir='ltr'><strong><em>οτβασμιιοθελς</em></strong></span> <span class='ocrx_word' id='word_1_100' title='bbox 925 1594 1153 1686; x_wconf 83' lang='grc' dir='ltr'><strong><em>μογιστράτητι.</em></strong></span> 
     </span>
    </p>

    <p class='ocr_par' dir='ltr' id='par_1_6' title="bbox 132 1699 1233 1990">
     <span class='ocr_line' id='line_1_13' title="bbox 241 1699 1232 1792; baseline -0.005 -24"><span class='ocrx_word' id='word_1_101' title='bbox 241 1708 310 1770; x_wconf 78' lang='grc' dir='ltr'>Τοῦ</span> <span class='ocrx_word' id='word_1_102' title='bbox 335 1703 369 1768; x_wconf 87' lang='grc' dir='ltr'>δέ</span> <span class='ocrx_word' id='word_1_103' title='bbox 391 1705 542 1784; x_wconf 73' lang='grc' dir='ltr'><strong><em>βασιλέως</em></strong></span> <span class='ocrx_word' id='word_1_104' title='bbox 563 1700 847 1790; x_wconf 81' lang='grc' dir='ltr'><strong><em>διαπρακτήσαντος</em></strong></span> <span class='ocrx_word' id='word_1_105' title='bbox 866 1704 914 1769; x_wconf 77' lang='lat' dir='ltr'>inl</span> <span class='ocrx_word' id='word_1_106' title='bbox 929 1710 968 1792; x_wconf 79' lang='grc' dir='ltr'>τῇ</span> <span class='ocrx_word' id='word_1_107' title='bbox 985 1699 1232 1785; x_wconf 81' lang='grc' dir='ltr'><strong><em>τατάἸομσηλι-</em></strong></span> 
     </span>
     <span class='ocr_line' id='line_1_14' title="bbox 132 1801 1233 1896; baseline -0.005 -24"><span class='ocrx_word' id='word_1_108' title='bbox 132 1810 199 1872; x_wconf 77' lang='grc' dir='ltr'>τῶν</span> <span class='ocrx_word' id='word_1_109' title='bbox 225 1811 382 1891; x_wconf 78' lang='grc' dir='ltr'><strong><em>Φραγγινῇ</em></strong></span> <span class='ocrx_word' id='word_1_110' title='bbox 404 1808 597 1896; x_wconf 76' lang='grc' dir='ltr'><strong><em>έκστρατεέη,</em></strong></span> <span class='ocrx_word' id='word_1_111' title='bbox 623 1805 676 1871; x_wconf 78' lang='grc' dir='ltr'>διὰ</span> <span class='ocrx_word' id='word_1_112' title='bbox 699 1806 735 1873; x_wconf 83' lang='lat' dir='ltr'>sd</span> <span class='ocrx_word' id='word_1_113' title='bbox 758 1807 812 1873; x_wconf 81' lang='grc' dir='ltr'>τὸν</span> <span class='ocrx_word' id='word_1_114' title='bbox 831 1807 1016 1890; x_wconf 82' lang='grc' dir='ltr'><strong><em>έοταλμένσν</em></strong></span> <span class='ocrx_word' id='word_1_115' title='bbox 1029 1804 1105 1891; x_wconf 84' lang='grc' dir='ltr'><strong><em>πρδς</em></strong></span> <span class='ocrx_word' id='word_1_116' title='bbox 1119 1801 1233 1878; x_wconf 69' lang='lat' dir='ltr'>nicorio</span> 
     </span>
     <span class='ocr_line' id='line_1_15' title="bbox 136 1898 1232 1990; baseline -0.006 -16"><span class='ocrx_word' id='word_1_117' title='bbox 136 1905 308 1974; x_wconf 78' lang='grc' dir='ltr'><strong><em>Θεοδόσιον</em></strong></span> <span class='ocrx_word' id='word_1_118' title='bbox 318 1908 434 1988; x_wconf 74' lang='grc' dir='ltr'><strong><em>μεταξὺ</em></strong></span> <span class='ocrx_word' id='word_1_119' title='bbox 450 1905 624 1984; x_wconf 74' lang='grc' dir='ltr'><strong><em>ἀπαλλάξαι</em></strong></span> <span class='ocrx_word' id='word_1_120' title='bbox 639 1908 695 1972; x_wconf 84' lang='grc' dir='ltr'>τάν</span> <span class='ocrx_word' id='word_1_121' title='bbox 707 1912 788 1988; x_wconf 68' lang='lat' dir='ltr'>dios,</span> <span class='ocrx_word' id='word_1_122' title='bbox 816 1915 878 1984; x_wconf 79' lang='grc' dir='ltr'><strong><em>πᾶς</em></strong></span> <span class='ocrx_word' id='word_1_123' title='bbox 891 1932 937 1983; x_wconf 89' lang='grc' dir='ltr'>τις</span> <span class='ocrx_word' id='word_1_124' title='bbox 949 1905 1075 1990; x_wconf 72' lang='grc' dir='ltr'><strong><em>ἠθύμει,</em></strong></span> <span class='ocrx_word' id='word_1_125' title='bbox 1095 1898 1232 1984; x_wconf 86' lang='grc' dir='ltr'><strong><em>μάλιστά</em></strong></span> 
     </span>
    </p>

    <p class='ocr_par' dir='ltr' id='par_1_7' title="bbox 93 2000 1271 2506">
     <span class='ocr_line' id='line_1_16' title="bbox 93 2000 1271 2096; baseline -0.001 -21"><span class='ocrx_word' id='word_1_126' title='bbox 93 2023 126 2075; x_wconf 84' lang='lat'>15</span> <span class='ocrx_word' id='word_1_127' title='bbox 135 2034 169 2075; x_wconf 87' lang='grc' dir='ltr'>τε</span> <span class='ocrx_word' id='word_1_128' title='bbox 195 2009 275 2096; x_wconf 85' lang='grc' dir='ltr'><strong><em>πρὸς</em></strong></span> <span class='ocrx_word' id='word_1_129' title='bbox 293 2009 436 2093; x_wconf 71' lang='grc' dir='ltr'><strong><em>τελευτὴν</em></strong></span> <span class='ocrx_word' id='word_1_130' title='bbox 456 2008 518 2093; x_wconf 78' lang='grc' dir='ltr'>ἤδη</span> <span class='ocrx_word' id='word_1_131' title='bbox 540 2015 596 2074; x_wconf 80' lang='grc' dir='ltr'>τοῦ</span> <span class='ocrx_word' id='word_1_132' title='bbox 618 2010 768 2090; x_wconf 76' lang='grc' dir='ltr'><strong><em>βασιλέως</em></strong></span> <span class='ocrx_word' id='word_1_133' title='bbox 784 2006 1004 2087; x_wconf 71' lang='grc' dir='ltr'><strong><em>ἀπονεύοντος,</em></strong></span> <span class='ocrx_word' id='word_1_134' title='bbox 1031 2005 1085 2073; x_wconf 85' lang='grc' dir='ltr'>ἀτε</span> <span class='ocrx_word' id='word_1_135' title='bbox 1097 2000 1271 2094; x_wconf 73' lang='grc' dir='ltr'><strong><em>φθινάδιΕ</em></strong></span> 
     </span>
     <span class='ocr_line' id='line_1_17' title="bbox 133 2105 1235 2203; baseline -0.003 -25"><span class='ocrx_word' id='word_1_136' title='bbox 133 2109 220 2201; x_wconf 82' lang='grc' dir='ltr'><strong><em>νόσῳ</em></strong></span> <span class='ocrx_word' id='word_1_137' title='bbox 242 2115 293 2177; x_wconf 76' lang='lat' dir='ltr'>sni</span> <span class='ocrx_word' id='word_1_138' title='bbox 314 2111 447 2197; x_wconf 81' lang='grc' dir='ltr'><strong><em>γαστρὸς</em></strong></span> <span class='ocrx_word' id='word_1_139' title='bbox 477 2116 670 2198; x_wconf 80' lang='grc' dir='ltr'><strong><em>δυσεντερικῇ</em></strong></span> <span class='ocrx_word' id='word_1_140' title='bbox 692 2115 834 2203; x_wconf 79' lang='grc' dir='ltr'><strong><em>διαρρσέη</em></strong></span> <span class='ocrx_word' id='word_1_141' title='bbox 857 2107 1081 2196; x_wconf 83' lang='grc' dir='ltr'><strong><em>περιπεσόντος.</em></strong></span> <span class='ocrx_word' id='word_1_142' title='bbox 1135 2105 1177 2186; x_wconf 78' lang='grc' dir='ltr'>ὥς</span> <span class='ocrx_word' id='word_1_143' title='bbox 1199 2109 1235 2175; x_wconf 79' lang='grc' dir='ltr'>δέ</span> 
     </span>
     <span class='ocr_line' id='line_1_18' title="bbox 134 2207 1235 2306; baseline -0.003 -26"><span class='ocrx_word' id='word_1_144' title='bbox 134 2212 237 2301; x_wconf 74' lang='grc' dir='ltr'><strong><em>ταύτῃ</em></strong></span> <span class='ocrx_word' id='word_1_145' title='bbox 252 2222 290 2301; x_wconf 81' lang='grc' dir='ltr'>τῇ</span> <span class='ocrx_word' id='word_1_146' title='bbox 305 2215 463 2306; x_wconf 75' lang='grc' dir='ltr'><strong><em>ἀρριοοτέη</em></strong></span> <span class='ocrx_word' id='word_1_147' title='bbox 475 2215 658 2298; x_wconf 69' lang='lat' dir='ltr'>concinnato</span> <span class='ocrx_word' id='word_1_148' title='bbox 675 2218 725 2280; x_wconf 77' lang='lat' dir='ltr'>sni</span> <span class='ocrx_word' id='word_1_149' title='bbox 740 2216 817 2301; x_wconf 81' lang='grc' dir='ltr'><strong><em>πρὸς</em></strong></span> <span class='ocrx_word' id='word_1_150' title='bbox 829 2214 885 2292; x_wconf 77' lang='lat' dir='ltr'>scic</span> <span class='ocrx_word' id='word_1_151' title='bbox 900 2214 1042 2298; x_wconf 81' lang='grc' dir='ltr'><strong><em>έσχατιάς</em></strong></span> <span class='ocrx_word' id='word_1_152' title='bbox 1056 2218 1112 2279; x_wconf 82' lang='grc' dir='ltr'>τοῦ</span> <span class='ocrx_word' id='word_1_153' title='bbox 1129 2207 1235 2279; x_wconf 81' lang='grc' dir='ltr'><strong><em>θανά-</em></strong></span> 
     </span>
     <span class='ocr_line' id='line_1_19' title="bbox 134 2312 1234 2405; baseline -0.004 -23"><span class='ocrx_word' id='word_1_154' title='bbox 134 2342 196 2382; x_wconf 84' lang='grc' dir='ltr'><strong><em>τονν</em></strong></span> <span class='ocrx_word' id='word_1_155' title='bbox 220 2316 425 2405; x_wconf 81' lang='grc' dir='ltr'><strong><em>προέκοπτεν,</em></strong></span> <span class='ocrx_word' id='word_1_156' title='bbox 456 2317 504 2381; x_wconf 82' lang='grc' dir='ltr'><strong><em>έπλ</em></strong></span> <span class='ocrx_word' id='word_1_157' title='bbox 533 2319 637 2399; x_wconf 86' lang='grc' dir='ltr'><strong><em>κλένης</em></strong></span> <span class='ocrx_word' id='word_1_158' title='bbox 664 2314 826 2403; x_wconf 80' lang='grc' dir='ltr'><strong><em>αέράμενος</em></strong></span> <span class='ocrx_word' id='word_1_159' title='bbox 852 2317 929 2401; x_wconf 80' lang='grc' dir='ltr'><strong><em>πρὸς</em></strong></span> <span class='ocrx_word' id='word_1_160' title='bbox 957 2317 1014 2398; x_wconf 69' lang='grc' dir='ltr'>τὴν</span> <span class='ocrx_word' id='word_1_161' title='bbox 1036 2312 1234 2401; x_wconf 83' lang='grc' dir='ltr'><strong><em>Μαγναάρσν</em></strong></span> 
     </span>
     <span class='ocr_line' id='line_1_20' title="bbox 134 2414 1233 2506; baseline -0.003 -21"><span class='ocrx_word' id='word_1_162' title='bbox 134 2416 246 2506; x_wconf 77' lang='grc' dir='ltr'><strong><em>ἀπῄει,</em></strong></span> <span class='ocrx_word' id='word_1_163' title='bbox 274 2418 392 2487; x_wconf 84' lang='grc' dir='ltr'><strong><em>νιάκιῖοε</em></strong></span> <span class='ocrx_word' id='word_1_164' title='bbox 414 2416 533 2497; x_wconf 88' lang='grc' dir='ltr'><strong><em>πάντας</em></strong></span> <span class='ocrx_word' id='word_1_165' title='bbox 554 2417 954 2506; x_wconf 84' lang='grc' dir='ltr'><strong><em>έκκλησιάοαςδημηγορέαν</em></strong></span> <span class='ocrx_word' id='word_1_166' title='bbox 967 2418 1092 2504; x_wconf 81' lang='grc' dir='ltr'><strong><em>οέκτράν</em></strong></span> <span class='ocrx_word' id='word_1_167' title='bbox 1105 2416 1183 2483; x_wconf 78' lang='grc' dir='ltr'><strong><em>κατὰ</em></strong></span> <span class='ocrx_word' id='word_1_168' title='bbox 1198 2414 1233 2482; x_wconf 87' lang='grc' dir='ltr'>τδ</span> 
     </span>
    </p>
   </div>
   <div class='ocr_carea' id='block_1_3' title="bbox 91 2512 1329 2818">
    <p class='ocr_par' dir='ltr' id='par_1_8' title="bbox 91 2512 1329 2818">
     <span class='ocr_line' id='line_1_21' title="bbox 91 2512 1235 2610; baseline -0.001 -19"><span class='ocrx_word' id='word_1_169' title='bbox 91 2523 216 2599; x_wconf 67' lang='lat' dir='ltr'>meinric</span> <span class='ocrx_word' id='word_1_170' title='bbox 235 2522 483 2609; x_wconf 74' lang='grc' dir='ltr'><strong><em>ἀποφθέγγεται,</em></strong></span> <span class='ocrx_word' id='word_1_171' title='bbox 516 2521 625 2600; x_wconf 75' lang='grc' dir='ltr'><strong><em>καθώς</em></strong></span> <span class='ocrx_word' id='word_1_172' title='bbox 651 2518 668 2589; x_wconf 82' lang='lat' dir='ltr'>d</span> <span class='ocrx_word' id='word_1_173' title='bbox 699 2520 789 2610; x_wconf 88' lang='grc' dir='ltr'><strong><em>λόγος</em></strong></span> <span class='ocrx_word' id='word_1_174' title='bbox 815 2520 931 2606; x_wconf 73' lang='grc' dir='ltr'><strong><em>ταύτην</em></strong></span> <span class='ocrx_word' id='word_1_175' title='bbox 952 2512 1011 2588; x_wconf 83' lang='grc' dir='ltr'>ὧδε</span> <span class='ocrx_word' id='word_1_176' title='bbox 1032 2516 1235 2606; x_wconf 79' lang='grc' dir='ltr'><strong><em>μορφῶσιιεν.</em></strong></span> 
     </span>
     <span class='ocr_line' id='line_1_22' title="bbox 135 2620 1329 2713; baseline -0.004 -23"><span class='ocrx_word' id='word_1_177' title='bbox 135 2627 223 2708; x_wconf 67' lang='grc' dir='ltr'>ι’έμέ</span> <span class='ocrx_word' id='word_1_178' title='bbox 243 2623 434 2710; x_wconf 86' lang='grc' dir='ltr'><strong><em>θρηνηοάτω</em></strong></span> <span class='ocrx_word' id='word_1_179' title='bbox 448 2623 464 2693; x_wconf 82' lang='lat' dir='ltr'>i</span> <span class='ocrx_word' id='word_1_180' title='bbox 478 2625 550 2710; x_wconf 82' lang='grc' dir='ltr'><strong><em>έμδς</em></strong></span> <span class='ocrx_word' id='word_1_181' title='bbox 567 2624 649 2703; x_wconf 82' lang='grc' dir='ltr'><strong><em>ἀπας</em></strong></span> <span class='ocrx_word' id='word_1_182' title='bbox 663 2622 755 2707; x_wconf 80' lang='grc' dir='ltr'><strong><em>λαός,</em></strong></span> <span class='ocrx_word' id='word_1_183' title='bbox 781 2624 996 2713; x_wconf 74' lang='grc' dir='ltr'><strong><em>έπολοηαρέτω</em></strong></span> <span class='ocrx_word' id='word_1_184' title='bbox 1007 2649 1047 2708; x_wconf 90' lang='grc' dir='ltr'>με</span> <span class='ocrx_word' id='word_1_185' title='bbox 1062 2620 1229 2709; x_wconf 73' lang='grc' dir='ltr'><strong><em>σύγκλητος</em></strong></span> <span class='ocrx_word' id='word_1_186' title='bbox 1245 2627 1280 2686; x_wconf 87' lang='lat' dir='ltr'>V.</span> <span class='ocrx_word' id='word_1_187' title='bbox 1295 2629 1329 2685; x_wconf 76' lang='lat'>³6</span> 
     </span>
     <span class='ocr_line' id='line_1_23' title="bbox 135 2723 1233 2818; baseline 0.001 -24"><span class='ocrx_word' id='word_1_188' title='bbox 135 2731 188 2794; x_wconf 82' lang='lat' dir='ltr'>sul</span> <span class='ocrx_word' id='word_1_189' title='bbox 209 2725 335 2812; x_wconf 82' lang='grc' dir='ltr'><strong><em>αάμπαν</em></strong></span> <span class='ocrx_word' id='word_1_190' title='bbox 356 2728 393 2796; x_wconf 76' lang='lat' dir='ltr'>ud</span> <span class='ocrx_word' id='word_1_191' title='bbox 416 2729 494 2817; x_wconf 77' lang='grc' dir='ltr'><strong><em>πρὸς</em></strong></span> <span class='ocrx_word' id='word_1_192' title='bbox 515 2732 684 2816; x_wconf 79' lang='grc' dir='ltr'><strong><em>θεραπιέαν</em></strong></span> <span class='ocrx_word' id='word_1_193' title='bbox 706 2733 814 2798; x_wconf 82' lang='grc' dir='ltr'><strong><em>οέκεΐον</em></strong></span> <span class='ocrx_word' id='word_1_194' title='bbox 828 2723 996 2818; x_wconf 73' lang='grc' dir='ltr'>ιἀθροιομα</span> <span class='ocrx_word' id='word_1_195' title='bbox 1015 2725 1233 2809; x_wconf 80' lang='grc' dir='ltr'><strong><em>διολολοξάτω,</em></strong></span> 
     </span>
    </p>
   </div>
   <div class='ocr_carea' id='block_1_4' title="bbox 204 2939 720 3013">
    <p class='ocr_par' dir='ltr' id='par_1_9' title="bbox 204 2939 720 3013">
     <span class='ocr_line' id='line_1_24' title="bbox 204 2939 720 3013; baseline 0.004 -17"><span class='ocrx_word' id='word_1_196' title='bbox 204 2943 231 2996; x_wconf 83' lang='grc'>9.</span> <span class='ocrx_word' id='word_1_197' title='bbox 249 2940 327 2997; x_wconf 65' lang='lat' dir='ltr'>siaha</span> <span class='ocrx_word' id='word_1_198' title='bbox 343 2941 374 2996; x_wconf 82' lang='lat' dir='ltr'>L.</span> <span class='ocrx_word' id='word_1_199' title='bbox 478 2944 519 3000; x_wconf 86' lang='lat'>15.</span> <span class='ocrx_word' id='word_1_200' title='bbox 537 2939 673 3013; x_wconf 79' lang='grc' dir='ltr'><strong><em>φθινάδετ</em></strong></span> <span class='ocrx_word' id='word_1_201' title='bbox 689 2943 720 2998; x_wconf 80' lang='grc' dir='ltr'>[ι.</span> 
     </span>
    </p>
   </div>
   <div class='ocr_carea' id='block_1_5' title="bbox 136 3126 1237 4444">
    <p class='ocr_par' dir='ltr' id='par_1_10' title="bbox 136 3126 1237 4444">
     <span class='ocr_line' id='line_1_25' title="bbox 136 3126 1233 3199; baseline 0.003 -19"><span class='ocrx_word' id='word_1_202' title='bbox 136 3127 164 3180; x_wconf 90' lang='lat' dir='ltr'>ln</span> <span class='ocrx_word' id='word_1_203' title='bbox 186 3127 274 3182; x_wconf 90' lang='lat' dir='ltr'>urbem</span> <span class='ocrx_word' id='word_1_204' title='bbox 297 3128 387 3181; x_wconf 84' lang='lat' dir='ltr'>Geron</span> <span class='ocrx_word' id='word_1_205' title='bbox 411 3133 543 3192; x_wconf 82' lang='lat' dir='ltr'>vocatam,</span> <span class='ocrx_word' id='word_1_206' title='bbox 564 3126 592 3181; x_wconf 87' lang='lat' dir='ltr'>ln</span> <span class='ocrx_word' id='word_1_207' title='bbox 615 3135 775 3183; x_wconf 69' lang='lat' dir='ltr'>antecessum</span> <span class='ocrx_word' id='word_1_208' title='bbox 798 3128 862 3183; x_wconf 85' lang='lat' dir='ltr'>clam</span> <span class='ocrx_word' id='word_1_209' title='bbox 887 3127 1036 3199; x_wconf 71' lang='lat' dir='ltr'>significans</span> <span class='ocrx_word' id='word_1_210' title='bbox 1053 3129 1144 3184; x_wconf 88' lang='lat' dir='ltr'>incolis</span> <span class='ocrx_word' id='word_1_211' title='bbox 1161 3129 1233 3183; x_wconf 87' lang='lat' dir='ltr'>urbis</span> 
     </span>
     <span class='ocr_line' id='line_1_26' title="bbox 136 3196 1233 3268; baseline 0.003 -19"><span class='ocrx_word' id='word_1_212' title='bbox 136 3204 167 3250; x_wconf 90' lang='lat' dir='ltr'>ut</span> <span class='ocrx_word' id='word_1_213' title='bbox 183 3196 344 3250; x_wconf 80' lang='lat' dir='ltr'>sufficienter</span> <span class='ocrx_word' id='word_1_214' title='bbox 359 3214 415 3250; x_wconf 76' lang='grc' dir='ltr'><strong><em>αααι</em></strong></span> <span class='ocrx_word' id='word_1_215' title='bbox 432 3197 562 3251; x_wconf 86' lang='lat' dir='ltr'>munirent</span> <span class='ocrx_word' id='word_1_216' title='bbox 578 3208 686 3268; x_wconf 88' lang='lat' dir='ltr'>propter</span> <span class='ocrx_word' id='word_1_217' title='bbox 701 3197 836 3254; x_wconf 86' lang='lat' dir='ltr'>instantem</span> <span class='ocrx_word' id='word_1_218' title='bbox 854 3200 1171 3254; x_wconf 78' lang='lat' dir='ltr'>Saracenorum-hostilem</span> <span class='ocrx_word' id='word_1_219' title='bbox 1185 3200 1233 3253; x_wconf 89' lang='lat' dir='ltr'>ad·</span> 
     </span>
     <span class='ocr_line' id='line_1_27' title="bbox 136 3265 1231 3338; baseline 0.002 -20"><span class='ocrx_word' id='word_1_220' title='bbox 136 3274 249 3319; x_wconf 84' lang='lat' dir='ltr'>rentum.</span> <span class='ocrx_word' id='word_1_221' title='bbox 284 3266 347 3320; x_wconf 84' lang='lat' dir='ltr'>Cum</span> <span class='ocrx_word' id='word_1_222' title='bbox 363 3265 445 3335; x_wconf 81' lang='lat' dir='ltr'>igitur</span> <span class='ocrx_word' id='word_1_223' title='bbox 462 3267 588 3336; x_wconf 77' lang='lat' dir='ltr'>utrimque</span> <span class='ocrx_word' id='word_1_224' title='bbox 605 3267 781 3321; x_wconf 71' lang='lat' dir='ltr'>constitissent</span> <span class='ocrx_word' id='word_1_225' title='bbox 798 3269 943 3333; x_wconf 84' lang='lat' dir='ltr'>exercitos,</span> <span class='ocrx_word' id='word_1_226' title='bbox 969 3270 1088 3338; x_wconf 80' lang='lat' dir='ltr'>procedit</span> <span class='ocrx_word' id='word_1_227' title='bbox 1104 3279 1231 3338; x_wconf 83' lang='lat' dir='ltr'>tamquam</span> 
     </span>
     <span class='ocr_line' id='line_1_28' title="bbox 137 3335 1232 3409; baseline 0 -22"><span class='ocrx_word' id='word_1_228' title='bbox 137 3336 246 3387; x_wconf 88' lang='lat' dir='ltr'>bellator</span> <span class='ocrx_word' id='word_1_229' title='bbox 268 3335 422 3398; x_wconf 74' lang='lat' dir='ltr'>audaculus,</span> <span class='ocrx_word' id='word_1_230' title='bbox 450 3345 529 3405; x_wconf 88' lang='lat' dir='ltr'>atque</span> <span class='ocrx_word' id='word_1_231' title='bbox 553 3337 651 3403; x_wconf 80' lang='lat' dir='ltr'>hastam</span> <span class='ocrx_word' id='word_1_232' title='bbox 675 3348 746 3390; x_wconf 89' lang='lat' dir='ltr'>retro</span> <span class='ocrx_word' id='word_1_233' title='bbox 765 3339 920 3407; x_wconf 83' lang='lat' dir='ltr'>protendens</span> <span class='ocrx_word' id='word_1_234' title='bbox 937 3337 1012 3409; x_wconf 90' lang='lat' dir='ltr'>plana</span> <span class='ocrx_word' id='word_1_235' title='bbox 1029 3337 1185 3392; x_wconf 85' lang='lat' dir='ltr'>Christianis</span> <span class='ocrx_word' id='word_1_236' title='bbox 1202 3353 1232 3387; x_wconf 90' lang='lat' dir='ltr'>sa</span> 
     </span>
     <span class='ocr_line' id='line_1_29' title="bbox 137 3404 1232 3475; baseline 0 -19"><span class='ocrx_word' id='word_1_237' title='bbox 137 3404 269 3468; x_wconf 81' lang='lat' dir='ltr'>adiunxit,</span> <span class='ocrx_word' id='word_1_238' title='bbox 294 3405 320 3456; x_wconf 92' lang='lat' dir='ltr'>in</span> <span class='ocrx_word' id='word_1_239' title='bbox 343 3404 499 3473; x_wconf 85' lang='lat' dir='ltr'>praedictam</span> <span class='ocrx_word' id='word_1_240' title='bbox 523 3407 611 3460; x_wconf 86' lang='lat' dir='ltr'>urbem</span> <span class='ocrx_word' id='word_1_241' title='bbox 634 3408 698 3474; x_wconf 75' lang='lat' dir='ltr'>iuga</span> <span class='ocrx_word' id='word_1_242' title='bbox 720 3407 839 3475; x_wconf 87' lang='lat' dir='ltr'>elapsus,</span> <span class='ocrx_word' id='word_1_243' title='bbox 864 3407 918 3461; x_wconf 87' lang='lat' dir='ltr'>filio</span> <span class='ocrx_word' id='word_1_244' title='bbox 945 3417 1030 3460; x_wconf 73' lang='lat' dir='ltr'>autent</span> <span class='ocrx_word' id='word_1_245' title='bbox 1048 3405 1232 3466; x_wconf 81' lang='lat' dir='ltr'>amernnrnunia</span> 
     </span>
     <span class='ocr_line' id='line_1_30' title="bbox 137 3471 1233 3544; baseline 0.001 -19"><span class='ocrx_word' id='word_1_246' title='bbox 137 3474 236 3540; x_wconf 72' lang='lat' dir='ltr'>gratias</span> <span class='ocrx_word' id='word_1_247' title='bbox 253 3471 324 3540; x_wconf 81' lang='lat' dir='ltr'>egit,</span> <span class='ocrx_word' id='word_1_248' title='bbox 348 3473 415 3542; x_wconf 90' lang='lat' dir='ltr'>qnod</span> <span class='ocrx_word' id='word_1_249' title='bbox 433 3474 549 3527; x_wconf 78' lang='lat' dir='ltr'>benevoli</span> <span class='ocrx_word' id='word_1_250' title='bbox 567 3492 631 3544; x_wconf 75' lang='lat' dir='ltr'>erga</span> <span class='ocrx_word' id='word_1_251' title='bbox 648 3475 732 3544; x_wconf 85' lang='lat' dir='ltr'>ipsura</span> <span class='ocrx_word' id='word_1_252' title='bbox 749 3475 872 3540; x_wconf 87' lang='lat' dir='ltr'>luissent,</span> <span class='ocrx_word' id='word_1_253' title='bbox 894 3484 971 3542; x_wconf 83' lang='lat' dir='ltr'>atque</span> <span class='ocrx_word' id='word_1_254' title='bbox 988 3475 1014 3525; x_wconf 91' lang='lat' dir='ltr'>in</span> <span class='ocrx_word' id='word_1_255' title='bbox 1031 3476 1118 3526; x_wconf 85' lang='lat' dir='ltr'>urbem</span> <span class='ocrx_word' id='word_1_256' title='bbox 1142 3474 1233 3535; x_wconf 85' lang='lat' dir='ltr'>(Cou-</span> 
     </span>
     <span class='ocr_line' id='line_1_31' title="bbox 136 3536 1232 3612; baseline 0.002 -19"><span class='ocrx_word' id='word_1_257' title='bbox 136 3540 347 3612; x_wconf 86' lang='lat' dir='ltr'>stantinopolim)</span> <span class='ocrx_word' id='word_1_258' title='bbox 372 3541 455 3594; x_wconf 90' lang='lat' dir='ltr'>laetus</span> <span class='ocrx_word' id='word_1_259' title='bbox 476 3536 608 3612; x_wconf 78' lang='lat' dir='ltr'>peruenit,</span> <span class='ocrx_word' id='word_1_260' title='bbox 631 3544 804 3610; x_wconf 84' lang='lat' dir='ltr'>templumque</span> <span class='ocrx_word' id='word_1_261' title='bbox 827 3542 951 3610; x_wconf 74' lang='lat' dir='ltr'>deiparae</span> <span class='ocrx_word' id='word_1_262' title='bbox 974 3542 999 3593; x_wconf 92' lang='lat' dir='ltr'>in</span> <span class='ocrx_word' id='word_1_263' title='bbox 1023 3541 1173 3595; x_wconf 82' lang='lat' dir='ltr'>Blachernis</span> <span class='ocrx_word' id='word_1_264' title='bbox 1191 3543 1232 3595; x_wconf 90' lang='lat' dir='ltr'>in-</span> 
     </span>
     <span class='ocr_line' id='line_1_32' title="bbox 138 3609 1234 3680; baseline 0.005 -20"><span class='ocrx_word' id='word_1_265' title='bbox 138 3626 241 3677; x_wconf 72' lang='lat' dir='ltr'>gressus</span> <span class='ocrx_word' id='word_1_266' title='bbox 265 3621 320 3675; x_wconf 89' lang='lat' dir='ltr'>eat,</span> <span class='ocrx_word' id='word_1_267' title='bbox 344 3616 373 3662; x_wconf 91' lang='lat' dir='ltr'>ut</span> <span class='ocrx_word' id='word_1_268' title='bbox 396 3609 439 3680; x_wconf 88' lang='lat' dir='ltr'>qui</span> <span class='ocrx_word' id='word_1_269' title='bbox 461 3610 541 3662; x_wconf 85' lang='lat' dir='ltr'>sciret</span> <span class='ocrx_word' id='word_1_270' title='bbox 563 3611 601 3662; x_wconf 90' lang='lat' dir='ltr'>illi</span> <span class='ocrx_word' id='word_1_271' title='bbox 628 3611 799 3680; x_wconf 74' lang='lat' dir='ltr'>Theophilum</span> <span class='ocrx_word' id='word_1_272' title='bbox 823 3611 957 3680; x_wconf 84' lang='lat' dir='ltr'>plurimum</span> <span class='ocrx_word' id='word_1_273' title='bbox 981 3612 1085 3665; x_wconf 76' lang='lat' dir='ltr'>deferre</span> <span class='ocrx_word' id='word_1_274' title='bbox 1101 3612 1185 3665; x_wconf 90' lang='lat' dir='ltr'>cultus</span> <span class='ocrx_word' id='word_1_275' title='bbox 1202 3629 1234 3666; x_wconf 86' lang='lat' dir='ltr'>ac</span> 
     </span>
     <span class='ocr_line' id='line_1_33' title="bbox 137 3678 1234 3751; baseline 0.004 -24"><span class='ocrx_word' id='word_1_276' title='bbox 137 3679 318 3732; x_wconf 83' lang='lat' dir='ltr'>uenerationis.</span> <span class='ocrx_word' id='word_1_277' title='bbox 353 3684 373 3731; x_wconf 80' lang='grc' dir='ltr'><strong>Α</strong></span> <span class='ocrx_word' id='word_1_278' title='bbox 392 3696 443 3748; x_wconf 91' lang='lat' dir='ltr'>quo</span> <span class='ocrx_word' id='word_1_279' title='bbox 468 3678 655 3748; x_wconf 83' lang='lat' dir='ltr'>(Theophila)</span> <span class='ocrx_word' id='word_1_280' title='bbox 679 3680 755 3731; x_wconf 83' lang='lat' dir='ltr'>fidem</span> <span class='ocrx_word' id='word_1_281' title='bbox 772 3696 804 3731; x_wconf 89' lang='lat' dir='ltr'>ac</span> <span class='ocrx_word' id='word_1_282' title='bbox 821 3679 999 3734; x_wconf 78' lang='lat' dir='ltr'>certitudinem</span> <span class='ocrx_word' id='word_1_283' title='bbox 1017 3681 1108 3735; x_wconf 84' lang='lat' dir='ltr'>reniae</span> <span class='ocrx_word' id='word_1_284' title='bbox 1124 3682 1234 3751; x_wconf 84' lang='lat' dir='ltr'>accepit,</span> 
     </span>
     <span class='ocr_line' id='line_1_34' title="bbox 137 3745 1176 3832; baseline 0 -33"><span class='ocrx_word' id='word_1_285' title='bbox 137 3745 324 3818; x_wconf 77' lang='lat' dir='ltr'>plurimumque</span> <span class='ocrx_word' id='word_1_286' title='bbox 341 3749 374 3800; x_wconf 93' lang='lat' dir='ltr'>ab</span> <span class='ocrx_word' id='word_1_287' title='bbox 392 3766 423 3801; x_wconf 89' lang='lat' dir='ltr'>eo</span> <span class='ocrx_word' id='word_1_288' title='bbox 440 3747 579 3800; x_wconf 83' lang='lat' dir='ltr'>bonoratur</span> <span class='ocrx_word' id='word_1_289' title='bbox 597 3756 623 3800; x_wconf 89' lang='lat' dir='ltr'>et</span> <span class='ocrx_word' id='word_1_290' title='bbox 640 3765 679 3799; x_wconf 84' lang='lat' dir='ltr'>ma</span> <span class='ocrx_word' id='word_1_291' title='bbox 699 3747 757 3801; x_wconf 87' lang='lat' dir='ltr'>&#39;atri</span> <span class='ocrx_word' id='word_1_292' title='bbox 773 3748 901 3832; x_wconf 60' lang='lat' dir='ltr'>dignitate</span> <span class='ocrx_word' id='word_1_293' title='bbox 918 3751 1098 3805; x_wconf 85' lang='lat' dir='ltr'>cohonestatus</span> <span class='ocrx_word' id='word_1_294' title='bbox 1118 3750 1176 3803; x_wconf 89' lang='lat' dir='ltr'>luit.</span> 
     </span>
     <span class='ocr_line' id='line_1_35' title="bbox 207 3815 1236 3888; baseline 0.005 -23"><span class='ocrx_word' id='word_1_295' title='bbox 207 3815 327 3868; x_wconf 85' lang='lat' dir='ltr'>Ceterum</span> <span class='ocrx_word' id='word_1_296' title='bbox 344 3834 400 3869; x_wconf 86' lang='lat' dir='ltr'>com</span> <span class='ocrx_word' id='word_1_297' title='bbox 417 3816 556 3884; x_wconf 87' lang='lat' dir='ltr'>imperator</span> <span class='ocrx_word' id='word_1_298' title='bbox 572 3816 636 3869; x_wconf 87' lang='lat' dir='ltr'>nihil</span> <span class='ocrx_word' id='word_1_299' title='bbox 654 3836 668 3868; x_wconf 86' lang='lat' dir='ltr'>e</span> <span class='ocrx_word' id='word_1_300' title='bbox 691 3818 784 3871; x_wconf 82' lang='lat' dir='ltr'>coisset</span> <span class='ocrx_word' id='word_1_301' title='bbox 800 3836 827 3872; x_wconf 83' lang='grc' dir='ltr'>ια</span> <span class='ocrx_word' id='word_1_302' title='bbox 843 3819 959 3888; x_wconf 88' lang='lat' dir='ltr'>paranda</span> <span class='ocrx_word' id='word_1_303' title='bbox 974 3819 1139 3887; x_wconf 78' lang='lat' dir='ltr'>expeditione</span> <span class='ocrx_word' id='word_1_304' title='bbox 1152 3819 1236 3870; x_wconf 81' lang='lat' dir='ltr'>Fran·</span> 
     </span>
     <span class='ocr_line' id='line_1_36' title="bbox 139 3882 1236 3957; baseline 0.002 -21"><span class='ocrx_word' id='word_1_305' title='bbox 139 3884 195 3937; x_wconf 84' lang='lat' dir='ltr'>cina</span> <span class='ocrx_word' id='word_1_306' title='bbox 218 3882 344 3938; x_wconf 85' lang='lat' dir='ltr'>adversus</span> <span class='ocrx_word' id='word_1_307' title='bbox 366 3885 523 3947; x_wconf 83' lang='lat' dir='ltr'>ismaelitas,</span> <span class='ocrx_word' id='word_1_308' title='bbox 546 3903 578 3938; x_wconf 91' lang='lat' dir='ltr'>eo</span> <span class='ocrx_word' id='word_1_309' title='bbox 600 3886 668 3954; x_wconf 85' lang='lat' dir='ltr'>quod</span> <span class='ocrx_word' id='word_1_310' title='bbox 686 3888 709 3940; x_wconf 83' lang='lat' dir='ltr'>&#39;rs</span> <span class='ocrx_word' id='word_1_311' title='bbox 727 3888 771 3957; x_wconf 88' lang='lat' dir='ltr'>qui</span> <span class='ocrx_word' id='word_1_312' title='bbox 788 3887 880 3942; x_wconf 86' lang='lat' dir='ltr'>missus</span> <span class='ocrx_word' id='word_1_313' title='bbox 898 3888 930 3940; x_wconf 89' lang='lat' dir='ltr'>ad</span> <span class='ocrx_word' id='word_1_314' title='bbox 949 3905 994 3941; x_wconf 88' lang='lat' dir='ltr'>cna</span> <span class='ocrx_word' id='word_1_315' title='bbox 1010 3889 1095 3940; x_wconf 89' lang='lat' dir='ltr'>luerat</span> <span class='ocrx_word' id='word_1_316' title='bbox 1111 3886 1236 3940; x_wconf 83' lang='lat' dir='ltr'>Theodo-</span> 
     </span>
     <span class='ocr_line' id='line_1_37' title="bbox 138 3950 1235 4027; baseline 0.005 -23"><span class='ocrx_word' id='word_1_317' title='bbox 138 3954 191 4006; x_wconf 87' lang='lat' dir='ltr'>sius</span> <span class='ocrx_word' id='word_1_318' title='bbox 207 3950 308 4004; x_wconf 85' lang='lat' dir='ltr'>interea</span> <span class='ocrx_word' id='word_1_319' title='bbox 325 3970 340 4003; x_wconf 87' lang='lat' dir='ltr'>e</span> <span class='ocrx_word' id='word_1_320' title='bbox 358 3956 412 4007; x_wconf 82' lang='lat' dir='ltr'>rita</span> <span class='ocrx_word' id='word_1_321' title='bbox 428 3954 590 4018; x_wconf 81' lang='lat' dir='ltr'>decessisset,</span> <span class='ocrx_word' id='word_1_322' title='bbox 607 3955 715 4025; x_wconf 78' lang='lat' dir='ltr'>quilibet</span> <span class='ocrx_word' id='word_1_323' title='bbox 731 3957 940 4019; x_wconf 84' lang='lat' dir='ltr'>contristabatur,</span> <span class='ocrx_word' id='word_1_324' title='bbox 958 3957 1097 4027; x_wconf 84' lang='lat' dir='ltr'>praecipue</span> <span class='ocrx_word' id='word_1_325' title='bbox 1112 3954 1144 4008; x_wconf 95' lang='lat' dir='ltr'>ad</span> <span class='ocrx_word' id='word_1_326' title='bbox 1159 3954 1235 4009; x_wconf 83' lang='lat' dir='ltr'>noem</span> 
     </span>
     <span class='ocr_line' id='line_1_38' title="bbox 138 4020 1234 4096; baseline 0.003 -22"><span class='ocrx_word' id='word_1_327' title='bbox 138 4022 208 4074; x_wconf 84' lang='lat' dir='ltr'>vitae</span> <span class='ocrx_word' id='word_1_328' title='bbox 227 4021 277 4073; x_wconf 87' lang='lat' dir='ltr'>iam</span> <span class='ocrx_word' id='word_1_329' title='bbox 292 4020 429 4076; x_wconf 89' lang='lat' dir='ltr'>inclinante</span> <span class='ocrx_word' id='word_1_330' title='bbox 446 4023 620 4093; x_wconf 71' lang='lat' dir='ltr'>imperatores</span> <span class='ocrx_word' id='word_1_331' title='bbox 647 4034 675 4077; x_wconf 91' lang='lat' dir='ltr'>nt</span> <span class='ocrx_word' id='word_1_332' title='bbox 692 4026 737 4096; x_wconf 82' lang='lat' dir='ltr'>qui</span> <span class='ocrx_word' id='word_1_333' title='bbox 755 4027 781 4079; x_wconf 90' lang='lat' dir='ltr'>in</span> <span class='ocrx_word' id='word_1_334' title='bbox 798 4027 912 4080; x_wconf 84' lang='lat' dir='ltr'>tabidum</span> <span class='ocrx_word' id='word_1_335' title='bbox 931 4028 1044 4078; x_wconf 85' lang='lat' dir='ltr'>morbum</span> <span class='ocrx_word' id='word_1_336' title='bbox 1063 4042 1094 4076; x_wconf 83' lang='lat' dir='ltr'>ao</span> <span class='ocrx_word' id='word_1_337' title='bbox 1110 4024 1234 4092; x_wconf 78' lang='lat' dir='ltr'>dysente-</span> 
     </span>
     <span class='ocr_line' id='line_1_39' title="bbox 138 4089 1235 4159; baseline 0.002 -16"><span class='ocrx_word' id='word_1_338' title='bbox 138 4090 200 4143; x_wconf 85' lang='lat' dir='ltr'>riam</span> <span class='ocrx_word' id='word_1_339' title='bbox 219 4089 370 4157; x_wconf 79' lang='lat' dir='ltr'>vcntriaqne</span> <span class='ocrx_word' id='word_1_340' title='bbox 388 4092 538 4159; x_wconf 82' lang='lat' dir='ltr'>profluvium</span> <span class='ocrx_word' id='word_1_341' title='bbox 556 4092 695 4147; x_wconf 84' lang='lat' dir='ltr'>incidisset.</span> <span class='ocrx_word' id='word_1_342' title='bbox 732 4096 794 4158; x_wconf 81' lang='lat' dir='ltr'>Qua</span> <span class='ocrx_word' id='word_1_343' title='bbox 819 4094 967 4149; x_wconf 82' lang='lat' dir='ltr'>infirmitate</span> <span class='ocrx_word' id='word_1_344' title='bbox 984 4093 1129 4146; x_wconf 78' lang='lat' dir='ltr'>tabefactus</span> <span class='ocrx_word' id='word_1_345' title='bbox 1146 4093 1235 4146; x_wconf 87' lang='lat' dir='ltr'>morti·</span> 
     </span>
     <span class='ocr_line' id='line_1_40' title="bbox 137 4159 1236 4232; baseline 0.004 -21"><span class='ocrx_word' id='word_1_346' title='bbox 137 4177 188 4228; x_wconf 83' lang='lat' dir='ltr'>quc</span> <span class='ocrx_word' id='word_1_347' title='bbox 204 4160 321 4222; x_wconf 83' lang='lat' dir='ltr'>uicinos,</span> <span class='ocrx_word' id='word_1_348' title='bbox 338 4159 364 4210; x_wconf 90' lang='lat' dir='ltr'>in</span> <span class='ocrx_word' id='word_1_349' title='bbox 382 4160 476 4213; x_wconf 84' lang='lat' dir='ltr'>lectica</span> <span class='ocrx_word' id='word_1_350' title='bbox 493 4171 612 4230; x_wconf 86' lang='lat' dir='ltr'>portatus</span> <span class='ocrx_word' id='word_1_351' title='bbox 628 4162 661 4216; x_wconf 90' lang='lat' dir='ltr'>ad</span> <span class='ocrx_word' id='word_1_352' title='bbox 679 4165 845 4232; x_wconf 78' lang='lat' dir='ltr'>lllagnaurarn</span> <span class='ocrx_word' id='word_1_353' title='bbox 864 4163 950 4221; x_wconf 77' lang='lat' dir='ltr'>vonit,</span> <span class='ocrx_word' id='word_1_354' title='bbox 969 4169 1047 4230; x_wconf 81' lang='lat' dir='ltr'>atque</span> <span class='ocrx_word' id='word_1_355' title='bbox 1066 4162 1102 4214; x_wconf 90' lang='lat' dir='ltr'>ibi</span> <span class='ocrx_word' id='word_1_356' title='bbox 1121 4163 1236 4215; x_wconf 85' lang='lat' dir='ltr'>omnibus</span> 
     </span>
     <span class='ocr_line' id='line_1_41' title="bbox 137 4227 1237 4301; baseline 0.005 -22"><span class='ocrx_word' id='word_1_357' title='bbox 137 4229 287 4281; x_wconf 79' lang='lat' dir='ltr'>convocatis</span> <span class='ocrx_word' id='word_1_358' title='bbox 304 4227 445 4282; x_wconf 85' lang='lat' dir='ltr'>orationem</span> <span class='ocrx_word' id='word_1_359' title='bbox 462 4230 629 4284; x_wconf 82' lang='lat' dir='ltr'>miserabilem</span> <span class='ocrx_word' id='word_1_360' title='bbox 648 4250 695 4300; x_wconf 86' lang='lat' dir='ltr'>pro</span> <span class='ocrx_word' id='word_1_361' title='bbox 714 4251 742 4285; x_wconf 86' lang='lat' dir='ltr'>re</span> <span class='ocrx_word' id='word_1_362' title='bbox 757 4242 816 4287; x_wconf 91' lang='lat' dir='ltr'>nata</span> <span class='ocrx_word' id='word_1_363' title='bbox 836 4232 991 4300; x_wconf 79' lang='lat' dir='ltr'>pronuntiat,</span> <span class='ocrx_word' id='word_1_364' title='bbox 1009 4237 1038 4284; x_wconf 89' lang='lat' dir='ltr'>ut</span> <span class='ocrx_word' id='word_1_365' title='bbox 1054 4230 1153 4284; x_wconf 86' lang='lat' dir='ltr'>ratione</span> <span class='ocrx_word' id='word_1_366' title='bbox 1171 4249 1237 4301; x_wconf 87' lang='lat' dir='ltr'>qua·</span> 
     </span>
     <span class='ocr_line' id='line_1_42' title="bbox 138 4294 1237 4371; baseline 0.004 -24"><span class='ocrx_word' id='word_1_367' title='bbox 138 4294 241 4349; x_wconf 86' lang='lat' dir='ltr'>damin</span> <span class='ocrx_word' id='word_1_368' title='bbox 260 4297 327 4349; x_wconf 83' lang='lat' dir='ltr'>hunc</span> <span class='ocrx_word' id='word_1_369' title='bbox 346 4297 446 4351; x_wconf 83' lang='lat' dir='ltr'>modum</span> <span class='ocrx_word' id='word_1_370' title='bbox 463 4298 567 4354; x_wconf 80' lang='lat' dir='ltr'>formari</span> <span class='ocrx_word' id='word_1_371' title='bbox 585 4300 674 4371; x_wconf 86' lang='lat' dir='ltr'>possit.</span> <span class='ocrx_word' id='word_1_372' title='bbox 708 4302 775 4356; x_wconf 84' lang='lat' dir='ltr'>“llle</span> <span class='ocrx_word' id='word_1_373' title='bbox 798 4302 893 4356; x_wconf 81' lang='lat' dir='ltr'>delleat</span> <span class='ocrx_word' id='word_1_374' title='bbox 915 4300 1025 4369; x_wconf 88' lang='lat' dir='ltr'>populus</span> <span class='ocrx_word' id='word_1_375' title='bbox 1043 4317 1114 4353; x_wconf 90' lang='lat' dir='ltr'>meus</span> <span class='ocrx_word' id='word_1_376' title='bbox 1130 4301 1237 4353; x_wconf 82' lang='lat' dir='ltr'>uuiver-</span> 
     </span>
     <span class='ocr_line' id='line_1_43' title="bbox 137 4365 1235 4444; baseline 0.005 -28"><span class='ocrx_word' id='word_1_377' title='bbox 137 4380 197 4430; x_wconf 87' lang='lat' dir='ltr'>sus,</span> <span class='ocrx_word' id='word_1_378' title='bbox 223 4365 376 4421; x_wconf 83' lang='lat' dir='ltr'>lamentetur</span> <span class='ocrx_word' id='word_1_379' title='bbox 398 4383 439 4421; x_wconf 86' lang='lat' dir='ltr'>mu</span> <span class='ocrx_word' id='word_1_380' title='bbox 461 4379 582 4437; x_wconf 80' lang='lat' dir='ltr'>mancos,</span> <span class='ocrx_word' id='word_1_381' title='bbox 608 4380 729 4444; x_wconf 87' lang='lat' dir='ltr'>totusque</span> <span class='ocrx_word' id='word_1_382' title='bbox 754 4370 888 4426; x_wconf 84' lang='lat' dir='ltr'>domestici</span> <span class='ocrx_word' id='word_1_383' title='bbox 912 4369 1033 4424; x_wconf 78' lang='lat' dir='ltr'>famulitii</span> <span class='ocrx_word' id='word_1_384' title='bbox 1057 4387 1123 4442; x_wconf 77' lang='lat' dir='ltr'>gras</span> <span class='ocrx_word' id='word_1_385' title='bbox 1145 4370 1235 4431; x_wconf 83' lang='lat' dir='ltr'>ululet,</span> 
     </span>
    </p>
   </div>
   <div class='ocr_carea' id='block_1_6' title="bbox 0 0 1478 5002">
    <p class='ocr_par' dir='ltr' id='par_1_11' title="bbox 0 0 1478 5002">
     <span class='ocr_line' id='line_1_44' title="bbox 0 0 1478 5002; baseline 0 0"><span class='ocrx_word' id='word_1_386' title='bbox 0 0 1478 5002; x_wconf 95' lang='lat' dir='ltr'> </span> 
     </span>
    </p>
   </div>
  </div>
 </body>
</html>
