2988 5000
409 1143 1145 1227 lncoss1PONTnN1

228 1308 701 1427 PRAEFATIO
734 1317 843 1424 AD
876 1316 1320 1428 LECTOREM

279 1525 350 1591 DE
386 1529 660 1598 AUCTORE
692 1531 875 1598 HUIUS
909 1532 1269 1616 ΗΙΕΤΟΒῙΔΕ,

333 1695 392 1753 ΒΕ
418 1694 640 1758 sumens
668 1697 797 1774 ntus,
828 1701 888 1758 Dll
915 1699 1214 1765 SYNOPSIBUS

426 1846 465 1900 m
480 1848 556 1901 EUM
573 1848 689 1902 rfloTtt
705 1848 1119 1904 consrstt'rlrtotomsrtt.

227 2242 490 2368 Theophylsetus
515 2278 679 2347 Simocatte
701 2283 766 2365 (sic
789 2282 874 2347 enim
902 2283 986 2347 malo
1006 2302 1098 2368 quem
1117 2281 1319 2363 Simocattus;

226 2383 319 2469 idque
333 2406 403 2449 cum
416 2384 527 2465 Suida,
552 2387 632 2473 epud
645 2408 738 2474 quem
754 2398 801 2450 est
815 2378 1030 2467 Σιμοκάττης)
1052 2386 1084 2449 iu
1101 2387 1238 2474 Aegypto
1262 2407 1319 2448 na·
1369 2375 1373 2381 ’

226 2496 277 2547 tus
298 2498 364 2565 est,
385 2499 419 2548 ut
433 2489 500 2572 ipse
514 2489 630 2573 liquido
648 2490 760 2553 indicet
773 2491 826 2554 lib.
839 2494 860 2554 7
874 2511 939 2575 cap.
956 2491 995 2552 16
1013 2500 1167 2569 extremo,
1190 2510 1260 2551 cum
1280 2487 1319 2551 de

225 2586 360 2652 fluminis
368 2587 432 2652 Nili
445 2590 630 2653 incremento
643 2603 673 2653 et
687 2592 882 2654 inundatione
896 2591 1130 2675 disputationem
1145 2590 1319 2669 longiuscu-

225 2692 289 2754 lam
312 2701 416 2755 texere
439 2691 555 2780 incipit.
607 2704 695 2757 natus
720 2703 767 2755 est
797 2705 899 2755 auteur
923 2692 991 2753 loco
1017 2713 1079 2753 non
1107 2691 1253 2773 ignobili,
1285 2703 1319 2755 ut

226 2795 428 2858 coniecturam
438 2796 575 2875 iacimus,
600 2793 843 2882 quandoquidem
856 2795 979 2859 Petrum
994 2793 1122 2881 Aegypti
1134 2798 1317 2882 praelectum

228 2920 263 2961 se
280 2898 460 2979 cognatione
474 2900 619 2980 attingere
634 2901 781 2978 affirmat,
806 2899 860 2963 lib.
875 2901 905 2979 8,
928 2898 979 2960 ubi
998 2895 1136 2960 Mauririi
1157 2899 1317 2961 miserabi-

225 3000 288 3064 lem
314 2988 469 3062 interitum
496 3001 623 3088 exponit
650 3022 686 3062 ao
710 3001 868 3088 deplorat3
902 3001 1020 3088 etipse
1042 3023 1161 3087 quoque
1184 3002 1316 3065 honores

225 3101 334 3184 gessit,
362 3101 444 3189 quod
463 3105 567 3168 statim
589 3103 773 3167 docebimus.
825 3105 908 3189 atqui
932 3105 1043 3166 ulmus
1066 3102 1205 3183 regendis
1227 3122 1316 3188 prae-

225 3205 330 3271 sertim
343 3207 523 3293 provinciis,
550 3219 581 3271 ut
596 3229 659 3269 non
673 3203 879 3293 imprudentes
890 3205 990 3284 viros,
1016 3205 1059 3266 sic
1071 3205 1164 3267 etiam
1178 3225 1239 3269 non
1256 3206 1316 3265 hu-

225 3309 315 3373 miles
329 3329 364 3372 ac
378 3311 515 3397 plebeios
528 3310 674 3399 praeponi
689 3311 797 3372 solere.
849 3330 889 3370 ex
902 3305 1038 3388 dialogo,
1065 3328 1156 3392 quern
1171 3307 1315 3370 historiae

225 3434 298 3477 atrae
327 3414 479 3500 praefigit,
507 3413 616 3479 adultis
642 3411 780 3476 lllaurieii
810 3412 995 3497 temporibus
1020 3410 1054 3472 in
1073 3411 1173 3472 luceru
1200 3407 1314 3472 edituro

225 3514 376 3600 suspicor3
411 3528 442 3579 et
462 3516 495 3579 id
517 3520 614 3581 multo
631 3516 729 3597 magis
751 3537 791 3577 ex
812 3535 879 3601 cap.
898 3515 1001 3578 1711b.
1016 3517 1036 3577 2
1051 3514 1182 3595 colligo,
1207 3514 1260 3576 ubi
1281 3534 1316 3575 se

189 3648 195 3655 ·
224 3617 264 3681 de
287 3619 369 3681 illius
389 3623 480 3683 rebus
493 3619 626 3686 audiisse
639 3641 659 3682 a
673 3620 796 3683 senibus
811 3631 928 3698 narrat,
954 3617 1023 3703 quia
1038 3617 1154 3679 scilicet·
1167 3618 1315 3702 puerilem

224 3735 290 3785 tum
308 3732 437 3785 aetatem
458 3726 576 3804 agebat.
627 3726 683 3786 sub
707 3723 864 3800 Heraclio,
889 3720 941 3806 qui
959 3719 1061 3782 Pboca
1083 3720 1238 3781 intellecto
1252 3721 1315 3780 irn-

223 3826 343 3911 perium
355 3845 432 3912 pene
445 3826 564 3905 triginta
585 3827 674 3889 anuis
692 3827 789 3888 tenuit
813 3826 864 3904 (ab
880 3844 960 3885 anno
978 3821 1089 3885 Christi
1108 3825 1170 3884 612
1192 3819 1230 3882 ad
1250 3818 1315 3883 640

223 3929 369 4011 scilicet),
390 3940 420 3991 et
433 3928 540 4010 Sergio
558 3929 724 4015 patriarcha
739 3926 1069 4013 Constantinopolitano
1087 3945 1157 3987 eum
1176 3921 1315 3987 llonrisse

223 4031 440 4119 historiamque
459 4033 551 4095 istam
575 4030 805 4116 conscripsisse,
831 4052 871 4094 ex
896 4028 1006 4092 eodem
1022 4029 1141 4108 dialogo
1153 4038 1233 4090 certo
1247 4048 1314 4088 oer-

224 4132 285 4198 tius
314 4148 447 4216 constat,
474 4135 670 4220 similiterque
691 4155 731 4195 ex
754 4153 819 4218 esp.
846 4135 884 4196 12
910 4133 963 4201 lib.
979 4135 1009 4213 8,
1031 4132 1147 4209 ubire,
1172 4128 1314 4193 Phocoe

224 4236 326 4302 medio
341 4241 476 4319 sublato,
504 4238 642 4326 scriptae
661 4257 695 4299 se
708 4234 746 4299 de
758 4234 895 4298 Mauricii
910 4258 983 4298 nece
997 4236 1109 4322 populo
1126 4255 1144 4295 e
1159 4232 1313 4318 superiore

223 4346 291 4408 loco
307 4340 447 4406 recitasse
461 4365 591 4430 eumque
601 4341 639 4404 ad
654 4340 793 4404 lacrimas
806 4339 1011 4405 commovisse
1032 4346 1141 4401 narrat.
1187 4334 1315 4401 Photius
