<?xml version="1.0" encoding="UTF-8"?>
<!DOCTYPE html PUBLIC "-//W3C//DTD XHTML 1.0 Transitional//EN"
    "http://www.w3.org/TR/xhtml1/DTD/xhtml1-transitional.dtd">
<html xmlns="http://www.w3.org/1999/xhtml" xml:lang="en" lang="en">
 <head>
  <title>
</title>
<meta http-equiv="Content-Type" content="text/html;charset=utf-8" />
  <meta name='ocr-system' content='tesseract 3.04.00' />
  <meta name='ocr-capabilities' content='ocr_page ocr_carea ocr_par ocr_line ocrx_word'/>
</head>
<body>
  <div class='ocr_page' id='page_1' title='image "./corpusscriptoru08berlgoog/corpusscriptoru08berlgoog_0021.png"; bbox 0 0 2988 5000; ppageno 0'>
   <div class='ocr_carea' id='block_1_1' title="bbox 209 414 1002 501">
    <p class='ocr_par' dir='ltr' id='par_1_1' title="bbox 209 414 1002 501">
     <span class='ocr_line' id='line_1_1' title="bbox 209 414 1002 501; baseline 0.009 -8"><span class='ocrx_word' id='word_1_1' title='bbox 209 447 267 495; x_wconf 77' lang='lat' dir='ltr'>xrs</span> <span class='ocrx_word' id='word_1_2' title='bbox 512 426 538 495; x_wconf 87' lang='lat' dir='ltr'>l.</span> <span class='ocrx_word' id='word_1_3' title='bbox 562 428 745 496; x_wconf 74' lang='lat' dir='ltr'>Pomtttt</span> <span class='ocrx_word' id='word_1_4' title='bbox 770 414 1002 501; x_wconf 74' lang='lat' dir='ltr'>PRAEFATIO</span> 
     </span>
    </p>
   </div>
   <div class='ocr_carea' id='block_1_2' title="bbox 210 598 1370 1103">
    <p class='ocr_par' dir='ltr' id='par_1_2' title="bbox 210 598 1370 1103">
     <span class='ocr_line' id='line_1_2' title="bbox 210 598 1306 693; baseline 0.008 -30"><span class='ocrx_word' id='word_1_5' title='bbox 210 612 311 664; x_wconf 91' lang='lat' dir='ltr'>torum</span> <span class='ocrx_word' id='word_1_6' title='bbox 332 618 456 664; x_wconf 88' lang='lat' dir='ltr'>suorum</span> <span class='ocrx_word' id='word_1_7' title='bbox 475 598 542 665; x_wconf 83' lang='lat' dir='ltr'>sive</span> <span class='ocrx_word' id='word_1_8' title='bbox 559 599 598 666; x_wconf 83' lang='lat' dir='ltr'>da</span> <span class='ocrx_word' id='word_1_9' title='bbox 611 602 857 691; x_wconf 72' lang='lat' dir='ltr'>inscriptionibus</span> <span class='ocrx_word' id='word_1_10' title='bbox 870 603 947 670; x_wconf 86' lang='lat' dir='ltr'>adeo</span> <span class='ocrx_word' id='word_1_11' title='bbox 961 625 1070 693; x_wconf 88' lang='lat' dir='ltr'>parum</span> <span class='ocrx_word' id='word_1_12' title='bbox 1082 606 1177 672; x_wconf 85' lang='lat' dir='ltr'>luisse</span> <span class='ocrx_word' id='word_1_13' title='bbox 1190 606 1306 673; x_wconf 92' lang='lat' dir='ltr'>sollici·</span> 
     </span>
     <span class='ocr_line' id='line_1_3' title="bbox 210 705 1306 796; baseline 0.007 -29"><span class='ocrx_word' id='word_1_14' title='bbox 210 713 278 783; x_wconf 87' lang='lat' dir='ltr'>tos,</span> <span class='ocrx_word' id='word_1_15' title='bbox 302 712 335 764; x_wconf 84' lang='lat' dir='ltr'>ut</span> <span class='ocrx_word' id='word_1_16' title='bbox 354 722 409 766; x_wconf 88' lang='lat' dir='ltr'>aos</span> <span class='ocrx_word' id='word_1_17' title='bbox 431 723 524 791; x_wconf 88' lang='lat' dir='ltr'>saepe</span> <span class='ocrx_word' id='word_1_18' title='bbox 544 705 713 776; x_wconf 88' lang='lat' dir='ltr'>omiserint.</span> <span class='ocrx_word' id='word_1_19' title='bbox 764 708 797 770; x_wconf 91' lang='lat' dir='ltr'>in</span> <span class='ocrx_word' id='word_1_20' title='bbox 818 729 878 794; x_wconf 89' lang='lat' dir='ltr'>quo</span> <span class='ocrx_word' id='word_1_21' title='bbox 899 708 1028 796; x_wconf 72' lang='lat' dir='ltr'>posteris</span> <span class='ocrx_word' id='word_1_22' title='bbox 1041 709 1175 791; x_wconf 73' lang='lat' dir='ltr'>mandi,</span> <span class='ocrx_word' id='word_1_23' title='bbox 1202 734 1243 776; x_wconf 90' lang='lat' dir='ltr'>na</span> <span class='ocrx_word' id='word_1_24' title='bbox 1256 710 1306 775; x_wconf 90' lang='lat' dir='ltr'>di·</span> 
     </span>
     <span class='ocr_line' id='line_1_4' title="bbox 211 802 1306 901; baseline 0.006 -31"><span class='ocrx_word' id='word_1_25' title='bbox 211 825 279 870; x_wconf 88' lang='lat' dir='ltr'>cam</span> <span class='ocrx_word' id='word_1_26' title='bbox 291 802 459 893; x_wconf 83' lang='lat' dir='ltr'>ineptiendi</span> <span class='ocrx_word' id='word_1_27' title='bbox 471 805 541 870; x_wconf 90' lang='lat' dir='ltr'>data</span> <span class='ocrx_word' id='word_1_28' title='bbox 554 820 601 873; x_wconf 87' lang='lat' dir='ltr'>ast</span> <span class='ocrx_word' id='word_1_29' title='bbox 613 808 743 876; x_wconf 76' lang='lat' dir='ltr'>occasio.</span> <span class='ocrx_word' id='word_1_30' title='bbox 793 808 951 898; x_wconf 84' lang='lat' dir='ltr'>splendida</span> <span class='ocrx_word' id='word_1_31' title='bbox 972 832 1045 875; x_wconf 89' lang='lat' dir='ltr'>saue</span> <span class='ocrx_word' id='word_1_32' title='bbox 1067 814 1250 901; x_wconf 72' lang='lat' dir='ltr'>appellatio,</span> <span class='ocrx_word' id='word_1_33' title='bbox 1275 826 1306 878; x_wconf 91' lang='lat' dir='ltr'>et</span> 
     </span>
     <span class='ocr_line' id='line_1_5' title="bbox 210 909 1305 1003; baseline 0.008 -31"><span class='ocrx_word' id='word_1_34' title='bbox 210 928 289 994; x_wconf 86' lang='lat' dir='ltr'>quse</span> <span class='ocrx_word' id='word_1_35' title='bbox 306 909 481 975; x_wconf 76' lang='lat' dir='ltr'>unirmsam</span> <span class='ocrx_word' id='word_1_36' title='bbox 498 910 652 998; x_wconf 84' lang='lat' dir='ltr'>quandam</span> <span class='ocrx_word' id='word_1_37' title='bbox 671 912 754 977; x_wconf 89' lang='lat' dir='ltr'>orbis</span> <span class='ocrx_word' id='word_1_38' title='bbox 773 934 828 977; x_wconf 85' lang='lat' dir='ltr'>ssu</span> <span class='ocrx_word' id='word_1_39' title='bbox 849 935 951 978; x_wconf 74' lang='lat' dir='ltr'>renim</span> <span class='ocrx_word' id='word_1_40' title='bbox 963 936 1019 1003; x_wconf 93' lang='lat' dir='ltr'>per</span> <span class='ocrx_word' id='word_1_41' title='bbox 1032 917 1139 980; x_wconf 88' lang='lat' dir='ltr'>orbem</span> <span class='ocrx_word' id='word_1_42' title='bbox 1151 929 1305 999; x_wconf 79' lang='lat' dir='ltr'>gestantur</span> 
     </span>
     <span class='ocr_line' id='line_1_6' title="bbox 211 1012 1370 1103; baseline 0.009 -30"><span class='ocrx_word' id='word_1_43' title='bbox 211 1012 458 1099; x_wconf 53' lang='lat' dir='ltr'>explanationem</span> <span class='ocrx_word' id='word_1_44' title='bbox 480 1014 616 1103; x_wconf 77' lang='lat' dir='ltr'>polliceri</span> <span class='ocrx_word' id='word_1_45' title='bbox 638 1015 791 1096; x_wconf 84' lang='lat' dir='ltr'>rideatur,</span> <span class='ocrx_word' id='word_1_46' title='bbox 816 1038 886 1080; x_wconf 92' lang='lat' dir='ltr'>cum</span> <span class='ocrx_word' id='word_1_47' title='bbox 907 1030 1010 1082; x_wconf 82' lang='lat' dir='ltr'>tanuen</span> <span class='ocrx_word' id='word_1_48' title='bbox 1031 1018 1156 1084; x_wconf 89' lang='lat' dir='ltr'>nonnisi</span> <span class='ocrx_word' id='word_1_49' title='bbox 1167 1017 1305 1083; x_wconf 81' lang='lat' dir='ltr'>Mauricii</span> <span class='ocrx_word' id='word_1_50' title='bbox 1365 1064 1370 1075; x_wconf 85' lang='lat'><em>·</em></span> 
     </span>
    </p>
   </div>
   <div class='ocr_carea' id='block_1_3' title="bbox 209 1118 1306 1415">
    <p class='ocr_par' dir='ltr' id='par_1_3' title="bbox 209 1118 1306 1415">
     <span class='ocr_line' id='line_1_7' title="bbox 210 1118 1306 1209; baseline 0.007 -32"><span class='ocrx_word' id='word_1_51' title='bbox 210 1135 276 1194; x_wconf 84' lang='lat' dir='ltr'>res,</span> <span class='ocrx_word' id='word_1_52' title='bbox 301 1135 399 1201; x_wconf 85' lang='lat' dir='ltr'>neque</span> <span class='ocrx_word' id='word_1_53' title='bbox 418 1118 490 1181; x_wconf 87' lang='lat' dir='ltr'>illae</span> <span class='ocrx_word' id='word_1_54' title='bbox 509 1139 617 1183; x_wconf 89' lang='lat' dir='ltr'>omnes</span> <span class='ocrx_word' id='word_1_55' title='bbox 629 1119 688 1183; x_wconf 87' lang='lat' dir='ltr'>hec</span> <span class='ocrx_word' id='word_1_56' title='bbox 701 1121 858 1184; x_wconf 82' lang='lat' dir='ltr'>volumine</span> <span class='ocrx_word' id='word_1_57' title='bbox 872 1122 1074 1209; x_wconf 82' lang='lat' dir='ltr'>explicentur,</span> <span class='ocrx_word' id='word_1_58' title='bbox 1099 1124 1194 1186; x_wconf 87' lang='lat' dir='ltr'>multa</span> <span class='ocrx_word' id='word_1_59' title='bbox 1209 1123 1306 1209; x_wconf 89' lang='lat' dir='ltr'>siqui-</span> 
     </span>
     <span class='ocr_line' id='line_1_8' title="bbox 210 1215 1304 1314; baseline 0.008 -34"><span class='ocrx_word' id='word_1_60' title='bbox 210 1215 283 1280; x_wconf 85' lang='lat' dir='ltr'>dem</span> <span class='ocrx_word' id='word_1_61' title='bbox 306 1216 401 1282; x_wconf 87' lang='lat' dir='ltr'>etiam</span> <span class='ocrx_word' id='word_1_62' title='bbox 419 1219 494 1285; x_wconf 89' lang='lat' dir='ltr'>alibi</span> <span class='ocrx_word' id='word_1_63' title='bbox 514 1233 545 1285; x_wconf 90' lang='lat' dir='ltr'>et</span> <span class='ocrx_word' id='word_1_64' title='bbox 564 1222 597 1284; x_wconf 91' lang='lat' dir='ltr'>in</span> <span class='ocrx_word' id='word_1_65' title='bbox 619 1221 786 1286; x_wconf 78' lang='lat' dir='ltr'>Occidente</span> <span class='ocrx_word' id='word_1_66' title='bbox 805 1235 836 1287; x_wconf 91' lang='lat' dir='ltr'>et</span> <span class='ocrx_word' id='word_1_67' title='bbox 857 1221 890 1286; x_wconf 90' lang='lat' dir='ltr'>iu</span> <span class='ocrx_word' id='word_1_68' title='bbox 912 1222 999 1288; x_wconf 88' lang='lat' dir='ltr'>ltalia</span> <span class='ocrx_word' id='word_1_69' title='bbox 1020 1224 1181 1314; x_wconf 88' lang='lat' dir='ltr'>praecipue</span> <span class='ocrx_word' id='word_1_70' title='bbox 1201 1225 1304 1306; x_wconf 81' lang='lat' dir='ltr'>gessit.</span> 
     </span>
     <span class='ocr_line' id='line_1_9' title="bbox 209 1318 1305 1415; baseline 0.007 -33"><span class='ocrx_word' id='word_1_71' title='bbox 209 1318 283 1405; x_wconf 92' lang='lat' dir='ltr'>quid</span> <span class='ocrx_word' id='word_1_72' title='bbox 302 1319 399 1403; x_wconf 79' lang='lat' dir='ltr'>ergo?</span> <span class='ocrx_word' id='word_1_73' title='bbox 448 1324 576 1389; x_wconf 75' lang='lat' dir='ltr'>arbitror</span> <span class='ocrx_word' id='word_1_74' title='bbox 596 1324 787 1389; x_wconf 77' lang='lat' dir='ltr'>inventorem</span> <span class='ocrx_word' id='word_1_75' title='bbox 807 1326 898 1391; x_wconf 91' lang='lat' dir='ltr'>huius</span> <span class='ocrx_word' id='word_1_76' title='bbox 919 1326 1124 1415; x_wconf 85' lang='lat' dir='ltr'>inscriptionis</span> <span class='ocrx_word' id='word_1_77' title='bbox 1145 1326 1184 1392; x_wconf 92' lang='lat' dir='ltr'>ad</span> <span class='ocrx_word' id='word_1_78' title='bbox 1202 1327 1305 1414; x_wconf 89' lang='lat' dir='ltr'>ipsum</span> 
     </span>
    </p>
   </div>
   <div class='ocr_carea' id='block_1_4' title="bbox 206 1423 1306 2030">
    <p class='ocr_par' dir='ltr' id='par_1_4' title="bbox 206 1423 1306 2030">
     <span class='ocr_line' id='line_1_10' title="bbox 209 1423 1306 1518; baseline 0.007 -32"><span class='ocrx_word' id='word_1_79' title='bbox 209 1423 441 1511; x_wconf 84' lang='lat' dir='ltr'>imperatorem,</span> <span class='ocrx_word' id='word_1_80' title='bbox 468 1429 521 1513; x_wconf 90' lang='lat' dir='ltr'>qui</span> <span class='ocrx_word' id='word_1_81' title='bbox 540 1438 607 1492; x_wconf 86' lang='lat' dir='ltr'>nrm</span> <span class='ocrx_word' id='word_1_82' title='bbox 626 1429 710 1493; x_wconf 93' lang='lat' dir='ltr'>nullo</span> <span class='ocrx_word' id='word_1_83' title='bbox 729 1429 790 1493; x_wconf 91' lang='lat' dir='ltr'>alio</span> <span class='ocrx_word' id='word_1_84' title='bbox 812 1428 989 1497; x_wconf 77' lang='lat' dir='ltr'>Occidentis</span> <span class='ocrx_word' id='word_1_85' title='bbox 1004 1429 1188 1518; x_wconf 83' lang='lat' dir='ltr'>imperatore</span> <span class='ocrx_word' id='word_1_86' title='bbox 1202 1430 1306 1494; x_wconf 73' lang='grc' dir='ltr'><strong><em>οἰκον·</em></strong></span> 
     </span>
     <span class='ocr_line' id='line_1_11' title="bbox 208 1522 1304 1619; baseline 0.005 -31"><span class='ocrx_word' id='word_1_87' title='bbox 208 1522 328 1607; x_wconf 71' lang='grc' dir='ltr'><strong><em>μεναὸς</em></strong></span> <span class='ocrx_word' id='word_1_88' title='bbox 353 1525 414 1591; x_wconf 88' lang='lat' dir='ltr'>dici</span> <span class='ocrx_word' id='word_1_89' title='bbox 440 1550 513 1595; x_wconf 80' lang='lat' dir='ltr'>rere</span> <span class='ocrx_word' id='word_1_90' title='bbox 533 1531 647 1617; x_wconf 89' lang='lat' dir='ltr'>potuit,</span> <span class='ocrx_word' id='word_1_91' title='bbox 672 1532 861 1619; x_wconf 86' lang='lat' dir='ltr'>respexisse,</span> <span class='ocrx_word' id='word_1_92' title='bbox 888 1544 922 1595; x_wconf 86' lang='lat' dir='ltr'>at</span> <span class='ocrx_word' id='word_1_93' title='bbox 942 1554 1004 1597; x_wconf 93' lang='lat' dir='ltr'>non</span> <span class='ocrx_word' id='word_1_94' title='bbox 1025 1545 1088 1597; x_wconf 90' lang='lat' dir='ltr'>tam</span> <span class='ocrx_word' id='word_1_95' title='bbox 1111 1534 1304 1597; x_wconf 87' lang='lat' dir='ltr'>oecumenica</span> 
     </span>
     <span class='ocr_line' id='line_1_12' title="bbox 208 1632 1304 1714; baseline 0.007 -23"><span class='ocrx_word' id='word_1_96' title='bbox 208 1650 302 1714; x_wconf 90' lang='lat' dir='ltr'>quam</span> <span class='ocrx_word' id='word_1_97' title='bbox 314 1633 501 1695; x_wconf 85' lang='lat' dir='ltr'>oecumenici</span> <span class='ocrx_word' id='word_1_98' title='bbox 513 1632 638 1697; x_wconf 90' lang='lat' dir='ltr'>historia</span> <span class='ocrx_word' id='word_1_99' title='bbox 652 1633 839 1698; x_wconf 90' lang='lat' dir='ltr'>nominanda</span> <span class='ocrx_word' id='word_1_100' title='bbox 858 1635 1005 1705; x_wconf 83' lang='lat' dir='ltr'>rideatur.</span> <span class='ocrx_word' id='word_1_101' title='bbox 1058 1658 1116 1701; x_wconf 90' lang='lat' dir='ltr'>nos</span> <span class='ocrx_word' id='word_1_102' title='bbox 1131 1647 1164 1699; x_wconf 90' lang='lat' dir='ltr'>ut</span> <span class='ocrx_word' id='word_1_103' title='bbox 1178 1656 1304 1699; x_wconf 90' lang='lat' dir='ltr'>omnem</span> 
     </span>
     <span class='ocr_line' id='line_1_13' title="bbox 206 1732 1303 1824; baseline 0.005 -29"><span class='ocrx_word' id='word_1_104' title='bbox 206 1732 434 1814; x_wconf 73' lang='lat' dir='ltr'>ambiguitatem</span> <span class='ocrx_word' id='word_1_105' title='bbox 448 1735 717 1823; x_wconf 78' lang='lat' dir='ltr'>obsnuitatemque</span> <span class='ocrx_word' id='word_1_106' title='bbox 737 1740 929 1818; x_wconf 82' lang='lat' dir='ltr'>fugeremus,</span> <span class='ocrx_word' id='word_1_107' title='bbox 956 1739 1133 1824; x_wconf 88' lang='lat' dir='ltr'>simpliciter</span> <span class='ocrx_word' id='word_1_108' title='bbox 1145 1760 1202 1801; x_wconf 87' lang='lat' dir='ltr'>nec</span> <span class='ocrx_word' id='word_1_109' title='bbox 1214 1740 1303 1819; x_wconf 84' lang='lat' dir='ltr'>laiso,</span> 
     </span>
     <span class='ocr_line' id='line_1_14' title="bbox 206 1834 1302 1927; baseline 0.005 -31"><span class='ocrx_word' id='word_1_110' title='bbox 206 1844 239 1897; x_wconf 87' lang='lat' dir='ltr'>at</span> <span class='ocrx_word' id='word_1_111' title='bbox 259 1834 340 1922; x_wconf 86' lang='lat' dir='ltr'>quod</span> <span class='ocrx_word' id='word_1_112' title='bbox 361 1837 436 1901; x_wconf 87' lang='lat' dir='ltr'>satis</span> <span class='ocrx_word' id='word_1_113' title='bbox 458 1850 522 1919; x_wconf 87' lang='lat' dir='ltr'>est,</span> <span class='ocrx_word' id='word_1_114' title='bbox 546 1839 705 1902; x_wconf 85' lang='lat' dir='ltr'>historiam</span> <span class='ocrx_word' id='word_1_115' title='bbox 718 1837 855 1903; x_wconf 80' lang='lat' dir='ltr'>Mauricii</span> <span class='ocrx_word' id='word_1_116' title='bbox 875 1839 1068 1927; x_wconf 88' lang='lat' dir='ltr'>imperatoris</span> <span class='ocrx_word' id='word_1_117' title='bbox 1082 1839 1302 1927; x_wconf 85' lang='lat' dir='ltr'>inscripsimus,</span> 
     </span>
     <span class='ocr_line' id='line_1_15' title="bbox 207 1937 1303 2030; baseline 0.006 -32"><span class='ocrx_word' id='word_1_118' title='bbox 207 1957 271 1999; x_wconf 90' lang='lat' dir='ltr'>non</span> <span class='ocrx_word' id='word_1_119' title='bbox 290 1937 512 2026; x_wconf 81' lang='lat' dir='ltr'>impedientes,</span> <span class='ocrx_word' id='word_1_120' title='bbox 530 1941 559 2005; x_wconf 90' lang='lat' dir='ltr'>si</span> <span class='ocrx_word' id='word_1_121' title='bbox 580 1941 649 2026; x_wconf 86' lang='lat' dir='ltr'>quis</span> <span class='ocrx_word' id='word_1_122' title='bbox 667 1942 867 2008; x_wconf 86' lang='lat' dir='ltr'>nihilominus</span> <span class='ocrx_word' id='word_1_123' title='bbox 880 1939 1089 2026; x_wconf 65' lang='lat' dir='ltr'>olaoupcstadr</span> <span class='ocrx_word' id='word_1_124' title='bbox 1103 1943 1233 2009; x_wconf 80' lang='lat' dir='ltr'>voluerit</span> <span class='ocrx_word' id='word_1_125' title='bbox 1246 1963 1303 2030; x_wconf 93' lang='lat' dir='ltr'>ap-</span> 
     </span>
    </p>
   </div>
   <div class='ocr_carea' id='block_1_5' title="bbox 205 2040 1138 2295">
    <p class='ocr_par' dir='ltr' id='par_1_5' title="bbox 205 2040 1138 2295">
     <span class='ocr_line' id='line_1_16' title="bbox 205 2040 330 2128; baseline 0 0"><span class='ocrx_word' id='word_1_126' title='bbox 205 2040 330 2128; x_wconf 60' lang='lat' dir='ltr'>ptura</span> 
     </span>
     <span class='ocr_line' id='line_1_17' title="bbox 365 2168 1138 2295; baseline 0.004 -19"><span class='ocrx_word' id='word_1_127' title='bbox 365 2207 442 2295; x_wconf 80' lang='lat' dir='ltr'>Qut</span> <span class='ocrx_word' id='word_1_128' title='bbox 465 2208 545 2277; x_wconf 84' lang='lat' dir='ltr'>ass</span> <span class='ocrx_word' id='word_1_129' title='bbox 569 2168 756 2279; x_wconf 71' lang='lat' dir='ltr'>ulamau</span> <span class='ocrx_word' id='word_1_130' title='bbox 779 2211 1138 2279; x_wconf 65' lang='lat' dir='ltr'>remansurus</span> 
     </span>
    </p>
   </div>
   <div class='ocr_carea' id='block_1_6' title="bbox 179 2343 1385 4184">
    <p class='ocr_par' dir='ltr' id='par_1_6' title="bbox 179 2343 1385 4184">
     <span class='ocr_line' id='line_1_18' title="bbox 308 2343 1302 2438; baseline 0.003 -27"><span class='ocrx_word' id='word_1_131' title='bbox 308 2343 494 2434; x_wconf 83' lang='lat' dir='ltr'>Quanquam</span> <span class='ocrx_word' id='word_1_132' title='bbox 514 2348 553 2412; x_wconf 85' lang='lat' dir='ltr'>de</span> <span class='ocrx_word' id='word_1_133' title='bbox 573 2348 633 2413; x_wconf 90' lang='lat' dir='ltr'>hoc</span> <span class='ocrx_word' id='word_1_134' title='bbox 645 2368 757 2431; x_wconf 85' lang='lat' dir='ltr'>magno</span> <span class='ocrx_word' id='word_1_135' title='bbox 771 2359 802 2412; x_wconf 88' lang='lat' dir='ltr'>et</span> <span class='ocrx_word' id='word_1_136' title='bbox 814 2348 923 2413; x_wconf 84' lang='lat' dir='ltr'>illustri</span> <span class='ocrx_word' id='word_1_137' title='bbox 934 2348 1118 2435; x_wconf 82' lang='lat' dir='ltr'>imperatore</span> <span class='ocrx_word' id='word_1_138' title='bbox 1131 2352 1302 2438; x_wconf 88' lang='lat' dir='ltr'>complures</span> 
     </span>
     <span class='ocr_line' id='line_1_19' title="bbox 207 2449 1385 2540; baseline 0.001 -24"><span class='ocrx_word' id='word_1_139' title='bbox 207 2449 403 2538; x_wconf 80' lang='lat' dir='ltr'>scripserunt,</span> <span class='ocrx_word' id='word_1_140' title='bbox 426 2450 505 2516; x_wconf 88' lang='lat' dir='ltr'>duos</span> <span class='ocrx_word' id='word_1_141' title='bbox 525 2463 627 2516; x_wconf 87' lang='lat' dir='ltr'>tamen</span> <span class='ocrx_word' id='word_1_142' title='bbox 644 2450 839 2540; x_wconf 83' lang='lat' dir='ltr'>potissimum</span> <span class='ocrx_word' id='word_1_143' title='bbox 856 2449 1023 2515; x_wconf 84' lang='lat' dir='ltr'>laudandos</span> <span class='ocrx_word' id='word_1_144' title='bbox 1036 2453 1221 2539; x_wconf 88' lang='lat' dir='ltr'>caeterisque</span> <span class='ocrx_word' id='word_1_145' title='bbox 1234 2454 1303 2517; x_wconf 90' lang='lat' dir='ltr'>sine</span> <span class='ocrx_word' id='word_1_146' title='bbox 1381 2482 1385 2495; x_wconf 54' lang='lat'>³</span> 
     </span>
     <span class='ocr_line' id='line_1_20' title="bbox 206 2552 1301 2642; baseline 0.001 -25"><span class='ocrx_word' id='word_1_147' title='bbox 206 2555 269 2617; x_wconf 88' lang='lat' dir='ltr'>ulla</span> <span class='ocrx_word' id='word_1_148' title='bbox 295 2554 498 2619; x_wconf 79' lang='lat' dir='ltr'>controversia</span> <span class='ocrx_word' id='word_1_149' title='bbox 524 2555 702 2638; x_wconf 87' lang='lat' dir='ltr'>longissima</span> <span class='ocrx_word' id='word_1_150' title='bbox 728 2553 956 2642; x_wconf 88' lang='lat' dir='ltr'>anteponendos</span> <span class='ocrx_word' id='word_1_151' title='bbox 983 2552 1092 2634; x_wconf 82' lang='lat' dir='ltr'>video,</span> <span class='ocrx_word' id='word_1_152' title='bbox 1126 2553 1301 2637; x_wconf 83' lang='lat' dir='ltr'>Evagriurn,</span> 
     </span>
     <span class='ocr_line' id='line_1_21' title="bbox 206 2657 1301 2744; baseline 0.001 -24"><span class='ocrx_word' id='word_1_153' title='bbox 206 2657 347 2721; x_wconf 90' lang='lat' dir='ltr'>omnium</span> <span class='ocrx_word' id='word_1_154' title='bbox 366 2658 609 2744; x_wconf 88' lang='lat' dir='ltr'>antiquissimum</span> <span class='ocrx_word' id='word_1_155' title='bbox 632 2671 662 2723; x_wconf 90' lang='lat' dir='ltr'>ot</span> <span class='ocrx_word' id='word_1_156' title='bbox 681 2658 779 2744; x_wconf 92' lang='lat' dir='ltr'>ipsius</span> <span class='ocrx_word' id='word_1_157' title='bbox 791 2657 929 2722; x_wconf 89' lang='lat' dir='ltr'>illauricii</span> <span class='ocrx_word' id='word_1_158' title='bbox 942 2659 1118 2743; x_wconf 89' lang='lat' dir='ltr'>aequalem,</span> <span class='ocrx_word' id='word_1_159' title='bbox 1144 2659 1229 2720; x_wconf 90' lang='lat' dir='ltr'>cuius</span> <span class='ocrx_word' id='word_1_160' title='bbox 1243 2679 1301 2721; x_wconf 87' lang='lat' dir='ltr'>ex-</span> 
     </span>
     <span class='ocr_line' id='line_1_22' title="bbox 205 2757 1301 2847; baseline 0.002 -25"><span class='ocrx_word' id='word_1_161' title='bbox 205 2771 272 2822; x_wconf 90' lang='lat' dir='ltr'>tant</span> <span class='ocrx_word' id='word_1_162' title='bbox 293 2759 363 2822; x_wconf 93' lang='lat' dir='ltr'>libri</span> <span class='ocrx_word' id='word_1_163' title='bbox 383 2757 527 2826; x_wconf 88' lang='lat' dir='ltr'>historiae</span> <span class='ocrx_word' id='word_1_164' title='bbox 548 2760 765 2825; x_wconf 86' lang='lat' dir='ltr'>ecclesiasticae</span> <span class='ocrx_word' id='word_1_165' title='bbox 791 2761 864 2847; x_wconf 89' lang='lat' dir='ltr'>(qui</span> <span class='ocrx_word' id='word_1_166' title='bbox 884 2782 954 2824; x_wconf 89' lang='lat' dir='ltr'>cum</span> <span class='ocrx_word' id='word_1_167' title='bbox 966 2759 1089 2823; x_wconf 89' lang='lat' dir='ltr'>nonnisi</span> <span class='ocrx_word' id='word_1_168' title='bbox 1103 2759 1141 2821; x_wconf 90' lang='lat' dir='ltr'>ad</span> <span class='ocrx_word' id='word_1_169' title='bbox 1155 2758 1301 2824; x_wconf 85' lang='lat' dir='ltr'>duodeci-</span> 
     </span>
     <span class='ocr_line' id='line_1_23' title="bbox 205 2861 1298 2951; baseline 0.001 -27"><span class='ocrx_word' id='word_1_170' title='bbox 205 2882 293 2924; x_wconf 89' lang='lat' dir='ltr'>mum</span> <span class='ocrx_word' id='word_1_171' title='bbox 306 2861 372 2926; x_wconf 89' lang='lat' dir='ltr'>eius</span> <span class='ocrx_word' id='word_1_172' title='bbox 387 2883 499 2926; x_wconf 90' lang='lat' dir='ltr'>annum</span> <span class='ocrx_word' id='word_1_173' title='bbox 513 2865 698 2951; x_wconf 81' lang='lat' dir='ltr'>pervenerit,</span> <span class='ocrx_word' id='word_1_174' title='bbox 718 2874 842 2951; x_wconf 90' lang='lat' dir='ltr'>apparet</span> <span class='ocrx_word' id='word_1_175' title='bbox 854 2876 924 2928; x_wconf 89' lang='lat' dir='ltr'>ante</span> <span class='ocrx_word' id='word_1_176' title='bbox 936 2864 1023 2927; x_wconf 91' lang='lat' dir='ltr'>illum</span> <span class='ocrx_word' id='word_1_177' title='bbox 1036 2862 1100 2928; x_wconf 82' lang='lat' dir='ltr'>rita</span> <span class='ocrx_word' id='word_1_178' title='bbox 1114 2865 1298 2928; x_wconf 82' lang='lat' dir='ltr'>excessisse:</span> 
     </span>
     <span class='ocr_line' id='line_1_24' title="bbox 205 2963 1300 3055; baseline 0.001 -29"><span class='ocrx_word' id='word_1_179' title='bbox 205 2963 371 3029; x_wconf 77' lang='lat' dir='ltr'>Mauricius</span> <span class='ocrx_word' id='word_1_180' title='bbox 390 2968 504 3055; x_wconf 89' lang='lat' dir='ltr'>quippe</span> <span class='ocrx_word' id='word_1_181' title='bbox 524 2968 611 3032; x_wconf 71' lang='lat' dir='ltr'>anuh</span> <span class='ocrx_word' id='word_1_182' title='bbox 632 2967 740 3049; x_wconf 77' lang='lat' dir='ltr'>viginti</span> <span class='ocrx_word' id='word_1_183' title='bbox 753 2967 883 3052; x_wconf 88' lang='lat' dir='ltr'>imperio</span> <span class='ocrx_word' id='word_1_184' title='bbox 897 2967 1059 3053; x_wconf 85' lang='lat' dir='ltr'>praefuit),</span> <span class='ocrx_word' id='word_1_185' title='bbox 1085 2978 1116 3030; x_wconf 89' lang='lat' dir='ltr'>et</span> <span class='ocrx_word' id='word_1_186' title='bbox 1129 2964 1300 3053; x_wconf 85' lang='lat' dir='ltr'>Theophy·</span> 
     </span>
     <span class='ocr_line' id='line_1_25' title="bbox 206 3066 1299 3157; baseline 0.005 -28"><span class='ocrx_word' id='word_1_187' title='bbox 206 3066 316 3131; x_wconf 87' lang='lat' dir='ltr'>lactum</span> <span class='ocrx_word' id='word_1_188' title='bbox 336 3067 415 3131; x_wconf 90' lang='lat' dir='ltr'>hunc</span> <span class='ocrx_word' id='word_1_189' title='bbox 437 3082 590 3152; x_wconf 85' lang='lat' dir='ltr'>nostrum,</span> <span class='ocrx_word' id='word_1_190' title='bbox 610 3070 662 3157; x_wconf 90' lang='lat' dir='ltr'>qui</span> <span class='ocrx_word' id='word_1_191' title='bbox 675 3071 947 3156; x_wconf 85' lang='lat' dir='ltr'>proximesecutus</span> <span class='ocrx_word' id='word_1_192' title='bbox 960 3068 1197 3151; x_wconf 83' lang='lat' dir='ltr'>estEvagrium,</span> <span class='ocrx_word' id='word_1_193' title='bbox 1224 3069 1299 3134; x_wconf 87' lang='lat' dir='ltr'>scri·</span> 
     </span>
     <span class='ocr_line' id='line_1_26' title="bbox 205 3170 1297 3259; baseline 0 -26"><span class='ocrx_word' id='word_1_194' title='bbox 205 3170 325 3259; x_wconf 89' lang='lat' dir='ltr'>psitque</span> <span class='ocrx_word' id='word_1_195' title='bbox 346 3183 489 3251; x_wconf 83' lang='lat' dir='ltr'>regnante</span> <span class='ocrx_word' id='word_1_196' title='bbox 509 3173 649 3237; x_wconf 85' lang='lat' dir='ltr'>Heraclio</span> <span class='ocrx_word' id='word_1_197' title='bbox 669 3173 790 3237; x_wconf 87' lang='lat' dir='ltr'>Phocae</span> <span class='ocrx_word' id='word_1_198' title='bbox 804 3193 993 3252; x_wconf 87' lang='lat' dir='ltr'>successore,</span> <span class='ocrx_word' id='word_1_199' title='bbox 1017 3184 1049 3236; x_wconf 89' lang='lat' dir='ltr'>et</span> <span class='ocrx_word' id='word_1_200' title='bbox 1062 3172 1181 3258; x_wconf 87' lang='lat' dir='ltr'>scripsit</span> <span class='ocrx_word' id='word_1_201' title='bbox 1194 3192 1235 3234; x_wconf 85' lang='lat' dir='ltr'>ax</span> <span class='ocrx_word' id='word_1_202' title='bbox 1248 3172 1297 3233; x_wconf 90' lang='lat' dir='ltr'>in-</span> 
     </span>
     <span class='ocr_line' id='line_1_27' title="bbox 205 3273 1298 3353; baseline 0 -17"><span class='ocrx_word' id='word_1_203' title='bbox 205 3273 311 3336; x_wconf 87' lang='lat' dir='ltr'>stituto</span> <span class='ocrx_word' id='word_1_204' title='bbox 331 3274 417 3337; x_wconf 91' lang='lat' dir='ltr'>libris</span> <span class='ocrx_word' id='word_1_205' title='bbox 437 3276 458 3336; x_wconf 81' lang='lat'>8</span> <span class='ocrx_word' id='word_1_206' title='bbox 478 3275 635 3338; x_wconf 87' lang='lat' dir='ltr'>historiam</span> <span class='ocrx_word' id='word_1_207' title='bbox 657 3274 811 3353; x_wconf 85' lang='lat' dir='ltr'>Mauricii,</span> <span class='ocrx_word' id='word_1_208' title='bbox 836 3274 1057 3336; x_wconf 85' lang='lat' dir='ltr'>accuratissime</span> <span class='ocrx_word' id='word_1_209' title='bbox 1077 3286 1108 3336; x_wconf 87' lang='lat' dir='ltr'>et</span> <span class='ocrx_word' id='word_1_210' title='bbox 1121 3274 1298 3336; x_wconf 87' lang='lat' dir='ltr'>elaboratis-</span> 
     </span>
     <span class='ocr_line' id='line_1_28' title="bbox 206 3375 1298 3464; baseline 0 -24"><span class='ocrx_word' id='word_1_211' title='bbox 206 3376 301 3456; x_wconf 88' lang='lat' dir='ltr'>sime,</span> <span class='ocrx_word' id='word_1_212' title='bbox 326 3389 360 3439; x_wconf 89' lang='lat' dir='ltr'>ut</span> <span class='ocrx_word' id='word_1_213' title='bbox 380 3375 510 3450; x_wconf 78' lang='lat' dir='ltr'>videbis.</span> <span class='ocrx_word' id='word_1_214' title='bbox 561 3399 602 3441; x_wconf 89' lang='lat' dir='ltr'>ex</span> <span class='ocrx_word' id='word_1_215' title='bbox 624 3400 684 3464; x_wconf 93' lang='lat' dir='ltr'>quo</span> <span class='ocrx_word' id='word_1_216' title='bbox 705 3390 846 3462; x_wconf 88' lang='lat' dir='ltr'>tanquam</span> <span class='ocrx_word' id='word_1_217' title='bbox 867 3376 994 3440; x_wconf 75' lang='lat' dir='ltr'>flumine</span> <span class='ocrx_word' id='word_1_218' title='bbox 1007 3376 1115 3438; x_wconf 88' lang='lat' dir='ltr'>caeteri</span> <span class='ocrx_word' id='word_1_219' title='bbox 1127 3376 1211 3441; x_wconf 80' lang='lat' dir='ltr'>rivos</span> <span class='ocrx_word' id='word_1_220' title='bbox 1224 3396 1298 3440; x_wconf 90' lang='lat' dir='ltr'>suos</span> 
     </span>
     <span class='ocr_line' id='line_1_29' title="bbox 206 3476 1303 3567; baseline 0.001 -26"><span class='ocrx_word' id='word_1_221' title='bbox 206 3477 413 3559; x_wconf 83' lang='lat' dir='ltr'>deduxerunt,</span> <span class='ocrx_word' id='word_1_222' title='bbox 438 3480 579 3567; x_wconf 85' lang='lat' dir='ltr'>inprimls</span> <span class='ocrx_word' id='word_1_223' title='bbox 597 3479 820 3566; x_wconf 83' lang='lat' dir='ltr'>Theophanes,</span> <span class='ocrx_word' id='word_1_224' title='bbox 846 3478 914 3565; x_wconf 91' lang='lat' dir='ltr'>qui,</span> <span class='ocrx_word' id='word_1_225' title='bbox 939 3478 1021 3565; x_wconf 91' lang='lat' dir='ltr'>quod</span> <span class='ocrx_word' id='word_1_226' title='bbox 1041 3477 1172 3543; x_wconf 89' lang='lat' dir='ltr'>lustinus</span> <span class='ocrx_word' id='word_1_227' title='bbox 1193 3476 1303 3560; x_wconf 83' lang='lat' dir='ltr'>Trogo·</span> 
     </span>
     <span class='ocr_line' id='line_1_30' title="bbox 179 3579 1298 3671; baseline -0.001 -27"><span class='ocrx_word' id='word_1_228' title='bbox 179 3657 182 3664; x_wconf 27' lang='grc' dir='ltr'>Ι</span> <span class='ocrx_word' id='word_1_229' title='bbox 206 3579 356 3669; x_wconf 85' lang='lat' dir='ltr'>Pompeio</span> <span class='ocrx_word' id='word_1_230' title='bbox 377 3594 408 3645; x_wconf 92' lang='lat' dir='ltr'>et</span> <span class='ocrx_word' id='word_1_231' title='bbox 427 3582 607 3671; x_wconf 86' lang='lat' dir='ltr'>Xiphilinus</span> <span class='ocrx_word' id='word_1_232' title='bbox 627 3583 738 3663; x_wconf 88' lang='lat' dir='ltr'>Dioni,</span> <span class='ocrx_word' id='word_1_233' title='bbox 763 3584 821 3647; x_wconf 90' lang='lat' dir='ltr'>hoc</span> <span class='ocrx_word' id='word_1_234' title='bbox 833 3584 903 3669; x_wconf 89' lang='lat' dir='ltr'>ipse</span> <span class='ocrx_word' id='word_1_235' title='bbox 915 3581 1098 3646; x_wconf 88' lang='lat' dir='ltr'>Simocattae</span> <span class='ocrx_word' id='word_1_236' title='bbox 1111 3582 1184 3644; x_wconf 83' lang='lat' dir='ltr'>tuit:</span> <span class='ocrx_word' id='word_1_237' title='bbox 1210 3602 1298 3645; x_wconf 86' lang='lat' dir='ltr'>corn-</span> 
     </span>
     <span class='ocr_line' id='line_1_31' title="bbox 205 3682 1296 3772; baseline 0 -26"><span class='ocrx_word' id='word_1_238' title='bbox 205 3682 352 3771; x_wconf 89' lang='lat' dir='ltr'>pandium</span> <span class='ocrx_word' id='word_1_239' title='bbox 366 3686 450 3748; x_wconf 88' lang='lat' dir='ltr'>anim</span> <span class='ocrx_word' id='word_1_240' title='bbox 463 3685 617 3772; x_wconf 88' lang='lat' dir='ltr'>quoddam</span> <span class='ocrx_word' id='word_1_241' title='bbox 631 3687 776 3767; x_wconf 86' lang='lat' dir='ltr'>coniecit,</span> <span class='ocrx_word' id='word_1_242' title='bbox 802 3698 834 3750; x_wconf 89' lang='lat' dir='ltr'>et</span> <span class='ocrx_word' id='word_1_243' title='bbox 857 3686 890 3748; x_wconf 92' lang='lat' dir='ltr'>id</span> <span class='ocrx_word' id='word_1_244' title='bbox 904 3685 1077 3749; x_wconf 81' lang='lat' dir='ltr'>Anastasius</span> <span class='ocrx_word' id='word_1_245' title='bbox 1090 3683 1296 3747; x_wconf 88' lang='lat' dir='ltr'>Bibliotheca-</span> 
     </span>
     <span class='ocr_line' id='line_1_32' title="bbox 206 3784 1295 3879; baseline -0.001 -28"><span class='ocrx_word' id='word_1_246' title='bbox 206 3788 268 3852; x_wconf 89' lang='lat' dir='ltr'>rius</span> <span class='ocrx_word' id='word_1_247' title='bbox 281 3788 490 3875; x_wconf 66' lang='lat' dir='ltr'>interpretatus</span> <span class='ocrx_word' id='word_1_248' title='bbox 505 3802 549 3853; x_wconf 92' lang='lat' dir='ltr'>est</span> <span class='ocrx_word' id='word_1_249' title='bbox 562 3813 642 3879; x_wconf 89' lang='lat' dir='ltr'>pane</span> <span class='ocrx_word' id='word_1_250' title='bbox 656 3803 762 3855; x_wconf 89' lang='lat' dir='ltr'>totum.</span> <span class='ocrx_word' id='word_1_251' title='bbox 813 3789 922 3853; x_wconf 86' lang='lat' dir='ltr'>Paulus</span> <span class='ocrx_word' id='word_1_252' title='bbox 936 3787 1089 3851; x_wconf 89' lang='lat' dir='ltr'>Diaconos</span> <span class='ocrx_word' id='word_1_253' title='bbox 1101 3788 1135 3850; x_wconf 90' lang='lat' dir='ltr'>in</span> <span class='ocrx_word' id='word_1_254' title='bbox 1149 3784 1295 3867; x_wconf 71' lang='lat' dir='ltr'>Illucella,</span> 
     </span>
     <span class='ocr_line' id='line_1_33' title="bbox 206 3889 1296 3982; baseline 0 -28"><span class='ocrx_word' id='word_1_255' title='bbox 206 3890 357 3972; x_wconf 88' lang='lat' dir='ltr'>Zonaras,</span> <span class='ocrx_word' id='word_1_256' title='bbox 390 3889 559 3972; x_wconf 84' lang='lat' dir='ltr'>Cedrenus,</span> <span class='ocrx_word' id='word_1_257' title='bbox 591 3893 779 3982; x_wconf 90' lang='lat' dir='ltr'>Nicephorus</span> <span class='ocrx_word' id='word_1_258' title='bbox 807 3890 955 3956; x_wconf 86' lang='lat' dir='ltr'>Callistus.</span> <span class='ocrx_word' id='word_1_259' title='bbox 1008 3912 1116 3954; x_wconf 85' lang='lat' dir='ltr'>ornnes</span> <span class='ocrx_word' id='word_1_260' title='bbox 1144 3892 1196 3952; x_wconf 88' lang='lat' dir='ltr'>isti</span> <span class='ocrx_word' id='word_1_261' title='bbox 1224 3910 1296 3954; x_wconf 87' lang='lat' dir='ltr'>suas</span> 
     </span>
     <span class='ocr_line' id='line_1_34' title="bbox 206 3992 1294 4081; baseline 0 -25"><span class='ocrx_word' id='word_1_262' title='bbox 206 3996 391 4058; x_wconf 90' lang='lat' dir='ltr'>narrationes</span> <span class='ocrx_word' id='word_1_263' title='bbox 410 3995 481 4057; x_wconf 86' lang='lat' dir='ltr'>hinc</span> <span class='ocrx_word' id='word_1_264' title='bbox 499 3993 692 4077; x_wconf 80' lang='lat' dir='ltr'>derivarunt,</span> <span class='ocrx_word' id='word_1_265' title='bbox 713 3993 878 4059; x_wconf 86' lang='lat' dir='ltr'>secundum</span> <span class='ocrx_word' id='word_1_266' title='bbox 897 3993 1118 4081; x_wconf 84' lang='lat' dir='ltr'>Theophanem</span> <span class='ocrx_word' id='word_1_267' title='bbox 1139 3992 1294 4077; x_wconf 86' lang='lat' dir='ltr'>Nicepho-</span> 
     </span>
     <span class='ocr_line' id='line_1_35' title="bbox 204 4095 1293 4184; baseline -0.002 -25"><span class='ocrx_word' id='word_1_268' title='bbox 204 4118 256 4159; x_wconf 91' lang='lat' dir='ltr'>rus</span> <span class='ocrx_word' id='word_1_269' title='bbox 283 4095 486 4184; x_wconf 87' lang='lat' dir='ltr'>potissimum.</span> <span class='ocrx_word' id='word_1_270' title='bbox 536 4120 643 4163; x_wconf 81' lang='lat' dir='ltr'>verum</span> <span class='ocrx_word' id='word_1_271' title='bbox 669 4121 727 4161; x_wconf 91' lang='lat' dir='ltr'>nos</span> <span class='ocrx_word' id='word_1_272' title='bbox 753 4097 867 4161; x_wconf 85' lang='lat' dir='ltr'>dulcius</span> <span class='ocrx_word' id='word_1_273' title='bbox 888 4120 929 4161; x_wconf 84' lang='lat' dir='ltr'>ex</span> <span class='ocrx_word' id='word_1_274' title='bbox 949 4097 1019 4184; x_wconf 91' lang='lat' dir='ltr'>ipso</span> <span class='ocrx_word' id='word_1_275' title='bbox 1041 4100 1125 4159; x_wconf 84' lang='lat' dir='ltr'>tonte</span> <span class='ocrx_word' id='word_1_276' title='bbox 1145 4097 1293 4158; x_wconf 90' lang='lat' dir='ltr'>bihamus.</span> 
     </span>
    </p>
   </div>
   <div class='ocr_carea' id='block_1_7' title="bbox 205 4198 1410 4289">
    <p class='ocr_par' dir='ltr' id='par_1_7' title="bbox 205 4198 1410 4289">
     <span class='ocr_line' id='line_1_36' title="bbox 205 4198 1410 4289; baseline -0.002 -27"><span class='ocrx_word' id='word_1_277' title='bbox 205 4200 301 4262; x_wconf 90' lang='lat' dir='ltr'>multo</span> <span class='ocrx_word' id='word_1_278' title='bbox 322 4201 405 4264; x_wconf 91' lang='lat' dir='ltr'>anim</span> <span class='ocrx_word' id='word_1_279' title='bbox 424 4199 504 4288; x_wconf 91' lang='lat' dir='ltr'>apud</span> <span class='ocrx_word' id='word_1_280' title='bbox 525 4213 663 4265; x_wconf 90' lang='lat' dir='ltr'>nostrum</span> <span class='ocrx_word' id='word_1_281' title='bbox 677 4201 780 4263; x_wconf 88' lang='lat' dir='ltr'>omnia</span> <span class='ocrx_word' id='word_1_282' title='bbox 794 4201 944 4288; x_wconf 88' lang='lat' dir='ltr'>copiosius</span> <span class='ocrx_word' id='word_1_283' title='bbox 959 4214 989 4264; x_wconf 88' lang='lat' dir='ltr'>ct</span> <span class='ocrx_word' id='word_1_284' title='bbox 1002 4198 1173 4280; x_wconf 88' lang='lat' dir='ltr'>diligentius</span> <span class='ocrx_word' id='word_1_285' title='bbox 1193 4198 1294 4276; x_wconf 90' lang='lat' dir='ltr'>(tam·</span> <span class='ocrx_word' id='word_1_286' title='bbox 1406 4285 1410 4289; x_wconf 24' lang='grc' dir='ltr'>Ι</span> 
     </span>
    </p>
   </div>
   <div class='ocr_carea' id='block_1_8' title="bbox 205 4302 1294 4493">
    <p class='ocr_par' dir='ltr' id='par_1_8' title="bbox 205 4302 1294 4493">
     <span class='ocr_line' id='line_1_37' title="bbox 206 4302 1294 4388; baseline -0.002 -24"><span class='ocrx_word' id='word_1_287' title='bbox 206 4302 264 4365; x_wconf 86' lang='lat' dir='ltr'>etsi</span> <span class='ocrx_word' id='word_1_288' title='bbox 276 4321 339 4365; x_wconf 89' lang='lat' dir='ltr'>oon</span> <span class='ocrx_word' id='word_1_289' title='bbox 354 4304 421 4368; x_wconf 87' lang='lat' dir='ltr'>sinc</span> <span class='ocrx_word' id='word_1_290' title='bbox 435 4304 689 4388; x_wconf 85' lang='lat' dir='ltr'>digressionibus,</span> <span class='ocrx_word' id='word_1_291' title='bbox 711 4303 766 4369; x_wconf 89' lang='lat' dir='ltr'>sed</span> <span class='ocrx_word' id='word_1_292' title='bbox 781 4305 901 4367; x_wconf 90' lang='lat' dir='ltr'>utilibus</span> <span class='ocrx_word' id='word_1_293' title='bbox 915 4316 945 4368; x_wconf 90' lang='lat' dir='ltr'>et</span> <span class='ocrx_word' id='word_1_294' title='bbox 958 4302 1117 4384; x_wconf 87' lang='lat' dir='ltr'>iucundis)</span> <span class='ocrx_word' id='word_1_295' title='bbox 1137 4302 1294 4388; x_wconf 81' lang='lat' dir='ltr'>explican-</span> 
     </span>
     <span class='ocr_line' id='line_1_38' title="bbox 205 4402 1294 4493; baseline 0 -25"><span class='ocrx_word' id='word_1_296' title='bbox 205 4416 262 4470; x_wconf 91' lang='lat' dir='ltr'>tur.</span> <span class='ocrx_word' id='word_1_297' title='bbox 311 4418 342 4470; x_wconf 91' lang='lat' dir='ltr'>et</span> <span class='ocrx_word' id='word_1_298' title='bbox 363 4409 457 4490; x_wconf 56' lang='lat' dir='ltr'>gaba</span> <span class='ocrx_word' id='word_1_299' title='bbox 477 4430 586 4493; x_wconf 87' lang='lat' dir='ltr'>magna</span> <span class='ocrx_word' id='word_1_300' title='bbox 610 4409 715 4475; x_wconf 87' lang='lat' dir='ltr'>Nobili</span> <span class='ocrx_word' id='word_1_301' title='bbox 736 4429 771 4472; x_wconf 88' lang='lat' dir='ltr'>ac</span> <span class='ocrx_word' id='word_1_302' title='bbox 790 4407 950 4490; x_wconf 83' lang='lat' dir='ltr'>Magnifica</span> <span class='ocrx_word' id='word_1_303' title='bbox 969 4407 1010 4476; x_wconf 87' lang='lat' dir='ltr'>D.</span> <span class='ocrx_word' id='word_1_304' title='bbox 1033 4403 1141 4470; x_wconf 89' lang='lat' dir='ltr'>loanni</span> <span class='ocrx_word' id='word_1_305' title='bbox 1161 4402 1294 4485; x_wconf 84' lang='lat' dir='ltr'>Georgia</span> 
     </span>
    </p>
   </div>
   <div class='ocr_carea' id='block_1_9' title="bbox 0 0 1498 5000">
    <p class='ocr_par' dir='ltr' id='par_1_9' title="bbox 0 0 1498 5000">
     <span class='ocr_line' id='line_1_39' title="bbox 0 0 1498 5000; baseline 0 2"><span class='ocrx_word' id='word_1_306' title='bbox 0 0 1498 5000; x_wconf 95' lang='lat' dir='ltr'> </span> 
     </span>
    </p>
   </div>
  </div>
 </body>
</html>
