2932 5006
495 359 785 428 fflsuomsutms
807 362 864 431 lv.
893 364 951 434 13.
1198 367 1271 437 189

182 525 419 614 όπασχίαεσινό
438 532 587 617 μεγίστης
600 528 817 618 ἀγνωμοσύνης
842 532 920 618 ἔχων
940 530 1091 602 ἀπόθεσιν
1113 537 1165 601 καί
1189 535 1268 603 καεδ

178 640 242 700 τῶν
254 630 514 720 εάεργετησάντιυν
529 632 759 721 συστησάμενος
772 632 915 724 φάλαγγα
921 687 932 719 ,
957 635 974 704 ό
990 645 1093 704 πάσαν
1112 638 1198 705 ἰδίαν
1212 665 1270 705 και

177 739 247 815 νίας
271 736 528 825 περιβαλόμενος,
558 739 611 805 ’ἶνα
636 735 787 825 δεσπότην
803 742 900 825 μηδὲν
920 739 1089 826 ἠδικηκότα
1110 743 1269 825 βασιλείας

175 840 316 929 καθίλης
343 841 381 909 οδ
394 841 508 928 πίφυκε
521 844 628 919 κακιάς
642 839 793 920 ἀπόθεσις
807 847 911 931 φιλίας
924 843 1083 923 διασώζειν
1092 841 1266 929 ὑπόσχεσιν.

150 942 371 1031 εόφιλόσοφος
384 943 504 1026 ἕναρξις
517 948 567 1011 καὶ
584 947 621 1012 τό
642 947 737 1032 πείρας
758 948 816 1025 λ’ξει
832 944 954 1023 πάντας
975 945 1177 1034 ἀσόμφορον·
1200 959 1305 1026 soie?
1324 967 1373 1021 tto

170 1049 330 1134 σπίρμασι
344 1047 403 1132 γάρ
418 1046 437 1132 'l
452 1043 621 1132 βλάστησις
638 1049 695 1114 οόκ
711 1051 850 1116 ἰναντίαν
862 1049 921 1133 ἕχει
936 1050 992 1134 τὴν
1009 1047 1154 1136 πρόοδον.
1199 1049 1263 1118 διό-

170 1175 239 1236 ροις
252 1146 456 1238 ἀγκιστρεόειν
469 1153 505 1218 τό
520 1151 564 1236 μὴ
579 1155 697 1219 δίκαιον
709 1153 784 1227 ἰσαις
797 1149 943 1239 όιίίαράμ
959 1151 1170 1239 ἐγχειρήσειεν·
1188 1153 1267 1222 ἀλλά

169 1260 274 1319 κακῶν
292 1253 399 1340 ἀδιορα
416 1256 503 1339 δῶρα
518 1253 592 1320 ναόν
608 1253 741 1339 ὀνήσιμα
757 1253 876 1338 ἤκουσά
890 1282 946 1322 σου
958 1259 1101 1342 λε’γὸντος
1113 1263 1176 1322 τῶν
1189 1257 1262 1346 παρ’
1285 1257 1308 1311 l'
1323 1259 1375 1314 212

167 1351 244 1438 δμῖν
263 1357 314 1423 lul
332 1359 467 1448 κομψείηι
486 1365 604 1445 σοφῶν.
658 1358 714 1424 osis
730 1356 793 1424 οἰδε
810 1361 972 1444 παροινίας
990 1360 1108 1442 μισθός
1123 1359 1275 1443 καρπίζεθ

126 1477 161 1530 10
168 1464 248 1524 σθαι
262 1460 321 1543 τὴν
334 1458 523 1541 ἀπόλαυσιν,
551 1462 607 1527 οάκ
625 1458 688 1527 mlle
708 1463 814 1547 κίρδος
834 1461 955 1538 ἀδικίας
967 1459 1121 1549 φυόμενον
1136 1462 1265 1541 αόλαξιν

164 1559 401 1647 ἀμεταμέλητον
422 1563 501 1647 ἔχειν
522 1561 694 1649 γειόργημα.
746 1568 819 1647 πρὶν
838 1566 898 1651 γάρ
916 1562 1026 1649 ἡδῦναι
1033 1613 1044 1646 ,
1079 1571 1185 1644 λυπεῖ,
1211 1569 1264 1630 καλ

165 1666 240 1749 πρὶν
266 1667 462 1750 περιθίλξαι,
492 1667 569 1751 πρός
588 1666 677 1733 ἀνίαν
691 1666 833 1732 ίκκλίνει·
860 1667 1025 1750 ἐξεχώρησε
1038 1666 1097 1752 γάρ
1110 1672 1171 1732 τῶν
1188 1668 1262 1751 ἰριν-

164 1774 249 1834 στῶν
263 1766 558 1855 προσαφαιροόμενα
577 1773 627 1832 καί
644 1769 664 1832 ἀ
677 1769 722 1851 μὴ
738 1775 840 1843 κακῶς
860 1794 906 1844 τις
921 1767 1081 1852 ἰκτήσατο.
1125 1766 1212 1853 ἡμεῖς
1226 1771 1260 1837 δὲ
1275 1773 1300 1826 Β

162 1870 222 1954 τὴν
245 1869 429 1957 Μαρεόριιιν
452 1870 541 1938 πόλιν
570 1868 849 1952 ἀνταποδάσομεν,
885 1868 921 1936 τό
950 1896 982 1937 τε
1012 1869 1125 1957 Δάρας
1146 1883 1260 1958 προῖκα

117 1992 154 2046 15
164 1973 353 2057 nups'gosuv,
380 1973 435 2040 τόν
448 2000 481 2040 τε
498 1972 632 2056 πόλεμον
646 1960 732 2061 ταφῇ
747 1970 989 2057 καθιδρόσομεν,
1016 1973 1189 2056 ἀπόμισθον
1203 1976 1259 2057 τὴν

162 2073 288 2158 εἰρήνην
312 2075 585 2159 οἰκοδομήσαντες,
613 2085 652 2161 τῇ
678 2103 711 2140 τε
729 2077 871 2164 Ἀρμενίᾳ
892 2078 1010 2157 χαίρειν
1031 2074 1182 2154 εἰπόντες,
1209 2075 1256 2140 δι’

160 2174 202 2260 ἣν
219 2174 381 2257 ἀπόλεμος
394 2178 450 2260 τὴν
464 2179 637 2262 παρρησίαν
651 2179 811 2257 δυστυχῶς
825 2186 890 2251 τοῖς
904 2172 1084 2261 ἀνδράτοις
1096 2175 1258 2262 ηάτόχησε.

160 2281 214 2342 καί
231 2278 256 2343 εἰ
269 2279 315 2362 μὴ
328 2286 383 2363 τῆς
399 2276 531 2364 ἀνάγκης
545 2274 653 2355 ἐπάξια
674 2280 715 2344 τὰ
733 2275 904 2362 δωρήματα
927 2303 1077 2365 πεφυκεν,
1103 2279 1179 2344 ἀλλ’
1200 2274 1256 2348 νόν

158 2388 256 2447 τοῦτο
275 2378 438 2449 κάλλιστόν
453 2379 637 2464 ίστινῆμῖν,
664 2382 701 2446 τό
721 2380 826 2470 μίτριρ
850 2387 1031 2468 φιλοσοφεῖν
1051 2382 1107 2467 τὴν
1122 2380 1255 2467 δπόσχε-

160 2508 231 2563 σιν,
258 2485 278 2568 ἢ
294 2482 441 2571 μεγάλαις
458 2485 646 2570 ἐπαγγελίαις
658 2483 713 2568 τὴν
729 2484 827 2568 ἀκοὴν
843 2481 1064 2560 ίκλιπάναντας
1087 2492 1132 2573 τῷ
1148 2485 1256 2552 ἀτελε-

156 2586 334 2678 σιονργῆτιρ
355 2595 411 2653 τοῦ
434 2586 696 2674 συμπεράσματος
719 2585 881 2653 ἀθάνατον
902 2586 959 2672 τὴν
983 2588 1133 2672 διαβολὴν
1147 2590 1255 2676 turp!-

156 2698 295 2774 ρεσθαι,
314 2687 451 2777 μεγάλας
465 2698 568 2757 κακῶν
583 2688 730 2778 ἀφορμὰς
746 2696 785 2777 τῇ
804 2697 860 2774 τῆς
873 2688 994 2777 εἰρήνης
1006 2688 1170 2775 ἰσόστερον
1186 2691 1251 2759 esis·
1267 2701 1292 2756 C

155 2795 210 2884 ξίηι
223 2800 323 2870 κακῶς
337 2796 601 2883 θησαυρίσαντας.
653 2792 765 2871 λκανιῖις
786 2790 864 2880 ὑπὲρ
887 2800 943 2860 τοῦ
967 2791 1251 2871 συνοίσοντοςῬω-

153 3093 267 3146 mentum
284 3090 416 3162 promissis
439 3089 629 3158 substruxerit,
651 3090 696 3162 qul
724 3096 855 3145 extremes
875 3089 1022 3175 iniquitatis
1043 3089 1206 3146 convincitur
1221 3098 1250 3147 et

152 3161 281 3214 adsersus
306 3161 370 3214 bene
392 3161 497 3215 meritos
521 3165 679 3232 oonpursvit
702 3160 860 3224 exereitum,
886 3177 929 3231 qus
947 3178 1021 3215 omne
1038 3161 1128 3214 molum
1147 3159 1248 3215 lucinus

152 3239 198 3284 est
215 3247 308 3293 susus,
333 3237 363 3284 ut
389 3230 560 3285 immerentem
576 3231 704 3284 domiuum
722 3247 803 3298 reguo
820 3229 967 3299 spoliaret?
990 3247 1040 3283 non
1057 3236 1248 3284 consueverunt

151 3298 280 3368 improbi,
302 3304 332 3351 ut
354 3301 444 3365 smiei,
465 3316 571 3353 εοινετε
595 3303 729 3370 promisse.
766 3299 918 3368 principium
937 3300 1033 3351 fetuum
1051 3300 1126 3351 funem
1144 3317 1248 3370 quoque

152 3369 257 3436 penitus
274 3368 387 3420 inutilem
405 3369 540 3423 sortieturs
565 3370 641 3437 qunle
663 3370 729 3422 enim
751 3383 853 3429 semen,
878 3369 931 3418 tole
952 3383 1065 3434 germen.
1100 3369 1173 3419 donis
1190 3370 1249 3421 lor-

150 3442 225 3488 tasse
244 3437 369 3488 Vorssnus
384 3437 479 3488 iniuste
496 3437 633 3504 impetrare
651 3437 791 3489 contendit.
826 3435 898 3502 utqui
916 3433 1086 3503 improborum
1110 3436 1177 3489 donn
1195 3453 1246 3490 non

150 3520 213 3556 esse
236 3504 302 3557 dous
324 3522 372 3557 nee
397 3506 485 3567 utilis,
511 3505 599 3557 audivi
621 3507 745 3571 quendum
779 3504 875 3555 dixisse
897 3502 930 3556 (le
954 3504 1047 3555 uestris
1064 3504 1246 3575 scriptoribus,

150 3589 219 3638 quos
236 3573 361 3642 elegantis
378 3583 406 3628 et
422 3571 554 3626 festivitas
567 3572 689 3625 orationis
707 3575 871 3624 commendat.
907 3589 956 3624 nou
974 3573 1054 3624 sentit
1071 3575 1178 3627 fructum
1197 3591 1248 3627 νο-

149 3640 261 3708 luptatis
277 3643 403 3696 amentius
427 3657 537 3703 merses,
562 3658 610 3693 nee
633 3641 729 3693 lucrum
752 3643 822 3694 sulco
839 3640 984 3710 iniquitatis
1007 3659 1130 3696 enascens
1146 3645 1245 3710 ubsque

148 3707 311 3780 poenitentis
333 3712 446 3765 solonem
471 3709 587 3763 dimittit.
630 3726 686 3762 nem
710 3709 858 3794 priusqusm
879 3711 1007 3774 delectet,
1032 3711 1186 3770 contristet,
1215 3714 1244 3761 et

147 3777 300 3848 priusquam
328 3779 484 3844 demulcent,
508 3794 624 3832 moerore
652 3780 744 3832 elliett.
778 3782 875 3834 sbeout
901 3780 966 3833 enim
993 3797 1009 3833 s
1033 3780 1152 3848 eupidis,
1170 3777 1245 3831 simul

147 3847 254 3907 nblsts,
272 3847 349 3900 etiem
367 3867 434 3918 ques
450 3866 502 3903 non
519 3847 591 3902 melis
616 3848 756 3901 rationibus
779 3849 968 3920 quaesiverunt.
1004 3864 1050 3900 uos
1068 3856 1151 3901 eutem
1169 3848 1256 3900 llus-¹

146 3914 287 3985 syropolim
305 3917 480 3985 restituemus,
499 3927 527 3972 et
543 3917 638 3970 Durum
655 3919 770 3985 grutuito
796 3918 948 3982 reddemus,
971 3917 1065 3971 bellum
1086 3915 1158 3968 nulls
1175 3931 1243 3968 mer-

145 3984 214 4038 cede
230 3985 369 4054 composite
387 4003 449 4054 pnee
467 3987 633 4056 sepeliemus,
651 3987 821 4054 Armeniaque
840 3987 974 4049 cedemus,
1000 3983 1075 4038 euius
1092 4000 1170 4035 esuss
1186 3984 1244 4037 bel·

144 4054 201 4107 lun
228 4060 299 4107 terito
323 4054 427 4108 licentio
450 4065 594 4124 grassatum
617 4064 666 4108 est.
706 4055 798 4125 quodsi
822 4055 902 4107 mulos·
925 4066 966 4107 est
989 4050 1130 4106 neeessitss
1152 4063 1242 4105 nostru

143 4138 223 4190 quem
240 4122 309 4175 utel
329 4123 393 4175 haec
410 4123 476 4177 donn
493 4127 680 4193 respondeant,
705 4134 791 4178 tumen
808 4125 856 4177 Ιιοα
874 4124 947 4175 vobis
964 4136 1077 4173 summae
1096 4119 1166 4173 lsudi
1180 4122 1240 4185 erit,

143 4193 291 4244 moderstss
309 4192 394 4261 potius
413 4195 590 4262 promissiones
606 4194 737 4262 sopientur
754 4194 886 4263 untpleeti,
904 4208 978 4261 quom
997 4189 1095 4257 mugnis
1116 4190 1238 4259 pollicitis

143 4258 267 4313 delinitos
285 4262 332 4315 fini
352 4261 504 4331 imperfecto
522 4264 603 4317 luben
621 4280 757 4332 perennem
773 4278 924 4331 aspergere,
941 4267 969 4312 et
985 4275 1035 4312 nou
1053 4258 1124 4311 leves
1139 4259 1235 4310 iucom-

142 4328 275 4384 modorum
303 4331 515 4403 perierundorun
533 4331 681 4388 oeensiones
705 4334 774 4388 bons
797 4332 824 4384 in
846 4336 975 4402 posterum
993 4328 1066 4401 pseis
1083 4326 1234 4381 hebitudine
