2928 5000
160 1269 496 1366 PRAEFATIO
526 1266 916 1364 TYPOGRAPHI
946 1271 1161 1368 VENETI

336 1491 710 1574 10.Ba1>T1sm
735 1491 992 1588 ansonem.
1170 1483 1172 1486 ’

113 1977 290 2090 Absolutis
327 2020 436 2104 vieno
474 2032 505 2085 e
542 2020 661 2087 aloen
687 2022 842 2090 naon·
873 2022 1061 2109 amna·
1086 2019 1206 2103 nomia,

114 2129 223 2214 quibua
248 2124 427 2191 Parieienaia
445 2121 548 2188 Editio
568 2136 700 2205 ,tonatat3
724 2145 794 2191 ecee
816 2125 903 2209 Tibi,
930 2125 1064 2194 Candide
1087 2125 1205 2206 lamet,

113 2229 298 2312 vigeaimam
328 2227 449 2291 tertium
473 2225 760 2315 Supplemantonun
783 2227 958 2311 Velamen,
994 2251 1055 2320 qno
1085 2222 1208 2296 Veneta

112 2330 215 2396 Editio
242 2333 318 2396 haee
342 2349 428 2411 mea,
468 2329 495 2394 ai
514 2330 617 2395 minua
634 2326 750 2413 Regiae
774 2327 934 2420 Typorum
951 2331 1099 2415 elegantia
1117 2351 1207 2420 prae·

112 2447 193 2500 atone
220 2433 348 2522 poterit,
386 2452 513 2496 numero
542 2445 622 2496 certe
644 2432 817 2521 praestabit.
867 2432 960 2499 initio
984 2433 1086 2499 aialim
1106 2432 1208 2501 Volu-

112 2536 208 2601 minia
232 2535 409 2616 catalogum
433 2534 571 2601 omnium
597 2533 735 2623 Operum
755 2536 789 2600 in
809 2558 848 2601 eo
873 2547 1081 2602 contentorum
1100 2537 1207 2615 hahet,

111 2652 147 2704 nt
170 2661 234 2704 nno
258 2636 367 2702 intuitu
394 2656 470 2723 quae
498 2648 531 2700 et
555 2648 665 2724 quanta
692 2635 889 2704 additamenti
913 2642 982 2705 loeo
1008 2638 1063 2703 tahi
1089 2660 1208 2726 propo·

111 2755 221 2807 nantm
244 2739 372 2824 legenda
402 2738 619 2828 inpediendae.
668 2739 718 2805 De
742 2742 870 2825 eingul'm
899 2743 1067 2829 thoaqua
1092 2740 1207 2829 Operi·

112 2846 191 2925 bne,
224 2840 323 2931 deque
352 2862 460 2907 eorum
491 2842 669 2906 Auctoribus
699 2843 777 2906 nihil
809 2856 857 2907 eat
887 2842 970 2930 quod
1001 2863 1059 2924 ago
1090 2841 1208 2919 ‹licant3

114 2967 186 3010 eam
208 2946 288 3009 hane
312 2943 451 3033 Spartam
479 2943 613 3007 ornarint
635 2946 686 3008 vel
716 2944 809 3031 prhni
831 2942 991 3025 hillones,
1029 2944 1082 3010 vel
1108 2941 1206 3008 inter·

112 3058 227 3138 pratea.
276 3045 398 3127 Unum,
423 3045 462 3110 de
486 3067 546 3132 qao
571 3047 737 3134 praefarer,
762 3057 855 3112 reetat
878 3044 946 3112 lis,
967 3047 1057 3135 Opm
1081 3042 1207 3136 Ioaephi

113 3147 241 3216 Geneaii
266 3147 307 3214 de
335 3146 440 3214 Rebus
466 3145 805 3238 constantinopolitanis
829 3170 849 3214 a
872 3149 978 3216 Leone
998 3148 1141 3217 limenio
1166 3146 1207 3214 ad

109 3252 263 3320 Baailium
284 3249 485 3317 Macedonem
508 3251 729 3333 continuatum,
750 3251 832 3342 qood
850 3255 883 3318 in
907 3253 951 3318 toi
976 3253 1105 3338 gratiam
1125 3273 1206 3317 nune

109 3357 247 3444 peimmn
270 3355 474 3443 publicatum
498 3355 620 3437 laniem,
652 3354 846 3421 Eruditomm
869 3357 1012 3421 mamaea
1034 3354 1204 3422 terendum.
1348 3416 1350 3422 .

111 3460 226 3524 tueor
256 3458 308 3520 hic
338 3458 451 3523 Leonia
484 3458 701 3547 aopiantiaeimi
730 3455 926 3546 Imperatoria
965 3468 1063 3522 aetate
1094 3456 1206 3537 homil,

112 3560 239 3650 danque
269 3559 326 3623 otii
354 3556 546 3625 Gonatantini
568 3559 820 3648 Porphymgeniti
848 3561 934 3625 iaaau
963 3557 1081 3626 videtur
1104 3562 1206 3626 hiato-

111 3662 191 3727 aiatn
213 3665 292 3728 hane
316 3662 548 3750 conaeaipaiaaez
573 3661 824 3749 laqueatam,
848 3664 912 3732 uhi,
925 3683 993 3728 aeae
1018 3663 1128 3728 obtulit
1151 3684 1206 3726 oe-

111 3764 214 3845 eaaio,
246 3784 357 3846 magna
385 3764 534 3852 loquitur,
568 3776 600 3828 et
628 3763 788 3854 praedicat.
837 3763 983 3831 Fiuadem
1015 3763 1206 3831 comantini

109 3868 196 3933 iaaaa
223 3866 397 3933 concinnata
416 3869 474 3932 luit
493 3864 741 3954 chronographia
760 3879 831 3956 poet
848 3866 1089 3957 Theophanem,
1113 3887 1205 3954 quam

109 3968 216 4035 Temo
249 3969 371 4035 decimo
412 3981 499 4034 aexto
533 3971 647 4051 hahea3
691 3969 842 4057 aliquanto
877 3983 981 4035 tamen
1012 3968 1097 4058 priua
1129 3970 1205 4035 haee

110 4066 240 4137 Geneaii
270 4072 413 4153 historia,
454 4071 493 4136 da
525 4073 610 4138 anina
637 4073 717 4154 atylo
744 4094 800 4138 nee
824 4075 972 4158 eleganti,
1013 4082 1045 4136 et
1077 4074 1205 4138 oneum

111 4175 246 4259 paenien,
279 4176 373 4239 etiam
408 4195 462 4239 ma
496 4186 628 4253 tacente,
650 4180 843 4258 'eognoaoea⁰
892 4175 995 4240 latuit
1021 4172 1118 4239 adhue
1144 4175 1205 4241 hoe

111 4274 203 4365 Opoa
227 4279 308 4342 inter
333 4275 412 4341 hm
431 4276 490 4343 SS.
508 4276 715 4343 Bibliothecae
738 4279 934 4346 eroditiaaimi
959 4276 1089 4343 Domini
1113 4274 1206 4344 loan-
1236 4340 1238 4343 .

110 4378 163 4443 nia
189 4377 336 4445 Borkndt
363 4378 551 4461 Menekanii,
588 4382 641 4467 qui
669 4402 765 4470 πυρα
790 4384 853 4448 lato
880 4379 976 4448 litcia
1001 4380 1127 4446 inimioo
1156 4380 1207 4446 ai-
