2958 5000
517 424 665 494 REGUM
691 428 727 497 L.
750 425 808 492 lv.
991 467 999 481 ·
1140 423 1211 494 12³

118 597 295 689 θνράακος·
319 600 371 666 καί
387 600 414 665 εί
426 597 482 682 μίν
494 593 656 684 διαιρη’σας
674 596 750 664 λαόν
768 592 936 678 εόπληκτον
951 593 1156 679 παραπίμψσι
1169 599 1215 684 τῷ

118 713 183 774 τῶν
203 705 406 791 Ἀρμενιακῶν
425 701 446 784 ἢ
468 708 513 791 τῷ
529 708 585 768 τοῦ
599 704 784 784 Χαρσιανοῦ
798 699 929 780 θίματι,
952 693 1126 781 κατάδηλον
1140 695 1215 781 ἡμῖν

118 815 214 876 τοῦτο
234 805 398 891 ποιήσατε·
424 803 475 880 ire
488 806 522 870 δὲ
536 801 714 886 ἀπσκινῆσοι
728 807 785 868 τοῦ
799 797 1011 884 Βαθορόακσς
1018 849 1030 883 ,
1056 798 1215 886 ἀποστρα-

120 913 228 999 ηέντες
248 910 334 995 ἥκετε
356 907 434 993 πρὸς
454 904 546 992 ἡμᾶς.
558 907 578 940 ”
628 906 774 973 ἀπελθών
794 906 897 971 τοίνυν
913 901 1043 988 ἱσπίρας
1057 900 1073 969 ό
1086 899 1216 987 Χρυσό-

95 1026 113 1081 5
117 1040 185 1101 χειρ
207 1009 357 1096 intrisecus
379 1007 481 1092 κάτω,
510 1010 540 1076 oi
560 1011 594 1077 δὲ
616 1003 824 1096 στρατηλάται
840 1010 883 1081 είς
896 1007 950 1072 τόν
965 1005 1051 1090 ζυγόν
1066 1006 1218 1092 προσανέ-

119 1126 226 1201 βησαν
247 1118 297 1181 καί
318 1114 513 1198 ηὐλίσθησαν
535 1112 578 1190 είς
598 1138 668 1177 τινα
692 1109 788 1178 τόπον
812 1106 1094 1192 κατονομαζόμενον
1107 1115 1218 1196 Ζωρο-

120 1217 251 1303 λόηνον·
278 1208 368 1293 οἶτος
387 1214 446 1303 μόρ
465 1219 546 1282 ίστιν
560 1216 592 1281 ἐκ
607 1210 783 1301 πετρώδους
794 1209 975 1295 σαμπήξεανς
988 1210 1216 1294 δασανάβατος,

121 1325 155 1388 ἓν
177 1312 203 1410 ᾧ
221 1319 281 1405 ὕλη
301 1318 507 1406 πολόδενδρος
524 1319 667 1405 uipereor.
718 1323 780 1383 τῶν
793 1310 847 1382 oris
860 1316 1026 1402 είρημίνων
1041 1322 1219 1402 στρατηλα-

120 1431 186 1490 τῶν
208 1424 300 1489 ίκεῖσε
319 1422 632 1505 διαναπαυσαμίνων,
660 1423 825 1508 φιλονεικία
847 1445 895 1496 τις
917 1417 1066 1502 ἀνίκνιμεν
1086 1417 1214 1505 ἀνδρικὴ
1230 1439 1263 1496 v,
1279 1438 1314 1493 59

80 1542 117 1596 10
123 1533 186 1593 τῶν
201 1522 358 1610 ἀρχόντων
370 1522 514 1610 ἀλλήλοις
530 1522 743 1609 ἀντεριζόντων
754 1526 833 1600 τίνες
845 1522 884 1589 ἀν
899 1518 956 1588 sies
970 1525 1134 1605 κρείττους,
1160 1519 1219 1589 πό-

120 1653 211 1714 τερον
235 1629 265 1694 oi
285 1628 345 1697 ἀπό
365 1635 421 1695 τοῦ
442 1635 505 1694 τῶν
522 1625 725 1712 Ἀρμενιακῶν
749 1627 887 1708 θίματος
909 1622 930 1710 ἢ
954 1631 1010 1691 sori
1033 1629 1218 1725 Χαρσιανοῶ

123 1730 308 1816 ῶρμημίνοι.
359 1738 422 1797 τῶν
439 1724 493 1796 οάν
511 1735 729 1814 Χαρσιανιτῶν
750 1727 1002 1816 φιλονεικούντων
1018 1727 1058 1791 oei
1070 1738 1217 1812 πρεσβεία

123 1832 247 1909 εἀοτοΐς
259 1839 313 1917 τῆς
327 1831 468 1917 ἀνδρείας
484 1834 640 1899 ἐπιδοῦναι
653 1831 674 1916 ἢ
688 1842 753 1907 τοῖς
769 1829 899 1913 irripere,
927 1829 956 1895 oi
972 1829 1162 1915 Ἅρμενιακσί
1176 1828 1219 1896 εί-

123 1963 184 2003 πον
199 1936 278 2021 πρὸς
291 1933 404 2011 αάτοός
427 1943 450 1975 “
458 1938 492 2001 τί
502 1942 677 2023 φιλονεικεῖν
691 1935 734 2001 i'rs
748 1935 814 2017 περί
829 1932 971 2015 ἀνδρείας
984 1934 1017 1997 ἐκ
1030 1928 1128 2017 λόγων
1140 1940 1220 2016 βοα-

82 2051 117 2108 15
125 2036 268 2122 λόμεθας
299 2045 472 2122 πρακτικῶς
496 2050 560 2116 τοῖς
578 2039 732 2121 πολεμίοις
753 2031 998 2121 παρεμβάλωμεν
1021 2034 1134 2122 ἄμφω·
1169 2039 1221 2102 καλ

123 2140 197 2206 τότε
219 2143 415 2226 φανερωθειή
436 2142 563 2217 ἕκαστος
580 2138 689 2223 ἡμῶν,
716 2137 821 2214 ὁποῖος
837 2135 942 2222 ἕτίρου
957 2138 1146 2222 καθέστηκεν
1166 2136 1223 2205 ἀν-

123 2238 338 2329 δρειότερος.”
390 2242 418 2306 οἳ
440 2243 474 2307 δὲ
493 2241 695 2325 στρατηγίται
716 2236 909 2322 διακηκοότες
928 2242 1071 2324 περὶτῆς
1092 2238 1224 2326 ἀμίλλης

125 2344 232 2412 οὔτῶν
240 2392 251 2423 ,
278 2341 323 2407 δι’
347 2341 449 2409 αδτῶν
475 2345 508 2410 δι’
530 2346 579 2407 καί
596 2350 651 2427 τῆς
666 2349 720 2408 τοῦ
735 2349 813 2408 λαοῦ
826 2345 1006 2426 προθυμίας
1020 2343 1224 2411 συνευδοκού-

125 2472 186 2531 σης
207 2444 332 2524 αὐτοῖς,
367 2444 480 2530 ἤγαγον
501 2448 551 2511 καὶ
574 2441 732 2531 εἰρήκεσαν
768 2452 790 2482 “
798 2452 1031 2531 προθυμεῖσθε,
1067 2439 1225 2532 ῶάνδρες

83 2545 331 2631 ξοάνθάμιλλοι,
348 2550 401 2613 ’ἵνα
415 2558 481 2624 τοῖς
493 2551 665 2631 πολεμίοις,
687 2554 765 2626 θεοῦ
778 2548 1012 2633 συνεργοῦντος,
1035 2547 1223 2633 προσβάλω-
1239 2565 1263 2620 Β

125 2651 224 2736 μεν.”
274 2648 353 2736 πρὸς
374 2649 429 2727 σός
448 2647 690 2737 μενναισιρρόνως
704 2652 819 2736 ίξεῒπον
847 2652 937 2721 “ναί.
988 2653 1039 2715 καλ
1061 2652 1112 2717 διδ
1131 2660 1225 2721 τοῦτο

127 2754 212 2843 ὅρκῳ
224 2755 356 2842 μεγίστῳ
371 2759 427 2836 τῆς
439 2760 599 2836 βασιλικῆς
613 2760 748 2840 κεφαλῆς
759 2756 998 2835 περιδεσμσῦμεν
1013 2750 1096 2834 δμῶς
1103 2804 1113 2834 ,
1140 2754 1225 2832 ὅπως

127 2862 354 2940 σαμπλακῶμεν
369 2855 483 2933 αὐτοῖς.
535 2853 552 2921 ό
567 2857 626 2943 γὰρ
640 2852 736 2933 τόπος
748 2859 781 2922 io
794 2847 820 2947 ᾧ
834 2857 1050 2943 ίρηρείσμεθα,
1077 2863 1139 2923 τῶν
1153 2860 1225 2941 igv-

201 3017 376 3086 κατοικίσεις
393 3018 424 3072 L.
527 3019 570 3074 1⁵.
586 3017 798 3090 παρεμβαλομεν
814 3018 846 3073 L.

129 3156 362 3226 Badryrrbyeeern.
397 3155 474 3209 Etsi
492 3155 592 3226 quiden
609 3162 707 3226 periero
725 3156 833 3226 aiiqnam
856 3154 986 3210 exereitus
1020 3172 1071 3211 ttae
1087 3155 1164 3211 senile
1179 3173 1225 3210 stt·

130 3228 220 3297 peresi
244 3227 326 3294 possit
349 3224 449 3279 miserit
465 3226 490 3277 in
507 3226 715 3279 Armeniaccrunr
733 3225 821 3278 autin
839 3225 977 3278 Chersiani
1029 3243 1098 3291 ene,
1124 3226 1227 3295 signifi·

130 3303 193 3348 cete
216 3292 243 3344 id
268 3295 354 3347 nobis:
379 3294 402 3346 si
419 3304 503 3347 sutem
521 3295 667 3348 discesserit
684 3312 700 3347 s
717 3296 930 3361 Bathyrrhyaee‚
956 3302 1117 3348 revertentes
1139 3294 1227 3348 venite

131 3364 168 3417 sd
196 3360 276 3413 nos.”
311 3362 419 3433 Vesperi
434 3363 514 3431 igitur
531 3365 663 3432 proiectus
679 3362 837 3432 Chrysoehir
854 3374 941 3414 eastre
957 3365 1044 3432 posuit
1059 3363 1086 3415 in
1102 3364 1227 3416 inferiore

131 3433 206 3493 Ιοοο,
223 3436 356 3497 praetores
373 3441 455 3485 autern
473 3433 555 3485 nostri
571 3434 596 3485 in
614 3433 699 3500 iugum
717 3432 809 3485 nentis
826 3430 1014 3484 adscenderunt
1030 3440 1229 3500 manseruntque

131 3498 364 3636 indidisti
379 3500 1015 3639 itttsst¹¹2tdt²⁰‘cittitttttttdttt
1032 3500 1229 3640 dimitrii

126 3635 266 3689 contentio
283 3635 407 3704 quaedam
424 3646 515 3691 erens
532 3648 573 3691 est
589 3640 622 3692 de
639 3639 806 3702 fortitudine,
830 3637 937 3691 ducibus
954 3638 1022 3693 inter
1038 3657 1067 3693 se
1084 3639 1230 3691 rixentibus

133 3706 189 3759 utri
206 3705 321 3773 potiores
337 3713 435 3767 essent,
457 3714 540 3758 utrum
557 3707 576 3758 ii
593 3709 636 3777 qui
655 3709 766 3760 suntab
783 3707 1004 3772 Armeniacorurn,
1022 3726 1054 3761 en
1071 3707 1091 3760 ii
1108 3708 1152 3777 qui
1168 3715 1231 3760 sunt

133 3792 152 3828 ι
168 3773 305 3826 Chersiani
321 3774 444 3826 themate.
479 3774 593 3843 cunque
611 3777 791 3830 Citarsisnitee
807 3778 991 3829 contenderent
1008 3778 1105 3846 priores
1122 3775 1230 3830 iortittt·

133 3842 203 3895 dinis
227 3842 277 3894 sibi
303 3843 390 3912 potius
410 3841 562 3894 deserendas
585 3858 642 3898 esse
664 3862 740 3913 quarn
763 3844 867 3909 niteris,
890 3845 1034 3898 Armeniaci
1058 3845 1179 3898 dixerunt
1194 3841 1229 3896 sd

134 3928 182 3965 eos
199 3910 284 3981 “quid
303 3911 409 3978 anplius
426 3911 581 3963 contendere
598 3914 631 3964 de
647 3913 799 3966 iertitudine
815 3912 903 3965 verbis
920 3914 1058 3981 cupimusi
1079 3914 1165 3981 reipss
1182 3911 1230 3963 iro·

134 3989 191 4034 stes
213 3980 393 4048 aggrediamur
415 3979 532 4047 utrique:
557 3989 635 4047 astrue
652 3992 713 4035 tunc
729 3981 866 4052 apparebit
891 3982 975 4051 qneiis
992 3983 1099 4050 quisque
1116 3986 1228 4032 nostran

134 4051 173 4103 sit
188 4058 216 4101 et
232 4049 290 4117 quis
306 4049 389 4102 sitero
407 4047 532 4101 sortior.'’
568 4049 703 4102 Praetores
724 4067 828 4121 quoqne
844 4068 899 4104 cunr
916 4052 1077 4104 audivissent
1092 4048 1126 4100 de
1143 4056 1229 4100 certe-

134 4118 204 4172 tnine
219 4117 326 4170 istorum
345 4126 371 4169 et
387 4135 420 4170 οκ
439 4117 528 4171 iisdero
551 4117 738 4171 intellexissent
754 4120 857 4172 miiitum
876 4120 1051 4179 aiacritetenr,
1075 4133 1141 4184 quse
1164 4116 1229 4185 ipsis

135 4187 284 4256 piscebet‚.
299 4186 425 4238 duxerunt
442 4188 531 4254 eisque
548 4187 669 4239 dixerunt
694 4189 844 4251 “ruitisns‚
868 4206 884 4240 ο
902 4188 1006 4248 senisii,
1029 4193 1059 4239 ut
1076 4185 1163 4238 hostes
1179 4185 1230 4238 deo

135 4264 296 4323 cooperante
313 4252 540 4336 aggrediannrw
576 4254 676 4318 Quibus
693 4256 773 4309 elueri
790 4259 872 4309 animo
890 4255 1078 4324 responderunt
1102 4255 1180 4307 “itas
1201 4259 1231 4307 et

134 4332 277 4445 prggtereo
293 4322 455 4447 iureturarffip
473 4321 581 4448 Ἥίωο
597 4341 647 4407 ρετ1
661 4323 924 4446 ἱστρεταίοτίειισὶτρατ
939 4322 1184 4448 αοεῶδείτίσηίῶαε
1200 4329 1230 4375 ut

135 4408 168 4445 eo
206 4407 303 4461 tgsmus
324 4409 411 4447 castrt
454 4432 462 4450 .
536 4409 581 4448 ons
604 4410 672 4447 emm
696 4411 722 4448 ια
746 4411 839 4466 quest
876 4409 963 4447 sumus
1042 4409 1108 4447 soutu
1166 4406 1230 4456 mus,
