2958 5000
152 1146 190 1249 Ρ
190 1204 233 1265 eg·
246 1189 277 1250 8.
298 1184 320 1247 l.
334 1192 366 1251 2.
388 1184 435 1249 ed.
448 1191 549 1250 Botere.
590 1187 731 1249 Eiusdem
745 1186 843 1247 Cenat.
853 1186 963 1267 Porph.
979 1190 1063 1250 iussu
1079 1193 1190 1272 scripte
1203 1205 1249 1254 oet
1265 1203 1299 1259 V.
1315 1205 1349 1259 tin

153 1271 400 1368 chronographie
414 1287 484 1352 poet
497 1271 719 1354 Theophanem.
749 1272 808 1332 Sed
821 1271 871 1332 hio
882 1283 984 1334 noster
997 1274 1153 1356 eliquanto
1166 1280 1250 1359 prius

151 1376 311 1502 δωρῖιιιιίἒίθ.
321 1358 548 1523 {effluam}
571 1440 617 1502 Ita
632 1441 790 1522 seriptum.
811 1439 848 1500 In
863 1441 997 1522 margine
1010 1443 1130 1505 Boeieui
1146 1464 1247 1529 apogr.

151 1526 339 1603 coniectura,
360 1526 486 1609 inomni

235 1612 302 1689 Peg.
317 1614 347 1686 4,
361 1617 391 1683 9.
436 1612 479 1671 De
491 1609 551 1670 hoc
564 1609 644 1670 bello
660 1619 763 1670 noster
774 1608 853 1670 inire
870 1610 890 1670 f.
904 1614 934 1676 6.
956 1609 1007 1691 [p.
1025 1617 1074 1692 12,
1092 1614 1140 1695 1.]

232 1695 310 1779 ibid.
328 1704 377 1763 11.
420 1697 572 1757 cedrenus
583 1695 671 1755 etism
688 1716 719 1773 p.
737 1698 809 1761 483.
823 1696 856 1757 Ι).
875 1695 945 1759 edit.
961 1696 1053 1757 Poris.
1072 1708 1102 1758 et
1117 1701 1248 1763 Zonerss

149 1801 180 1860 p.
191 1784 260 1845 121.
271 1782 303 1838 C.
319 1782 388 1840 edit.
401 1782 490 1841 Puris.
504 1781 593 1860 culpe
608 1779 714 1838 Leonis
728 1782 827 1838 victos
842 1778 935 1838 fuisse
951 1779 1099 1842 Romanos
1115 1785 1249 1848 tradunt.

232 1865 309 1926 lbid.
329 1869 378 1932 15.
420 1866 463 1925 De
491 1864 550 1924 hac
581 1863 779 1945 discrepantia
803 1860 892 1923 huius
914 1861 1058 1926 historiae
1084 1878 1115 1928 et
1137 1867 1247 1932 Chion.

149 1958 220 2030 poet
236 1949 371 2032 Theoph.
384 1950 447 2011 eive
462 1950 691 2010 Continuetoree
705 1969 735 2030 p.
752 1952 801 2015 10.
813 1949 846 2008 G.
863 1947 935 2009 edit.
949 1950 1041 2011 Paris.

232 2035 308 2095 Ibid.
327 2043 379 2103 22.
421 2032 696 2116 summerseta]
719 2033 818 2114 siens.

232 2120 301 2198 Peg.
318 2121 348 2193 6,
364 2124 393 2184 6.
435 2120 518 2179 Mers
537 2118 688 2178 simulatio
707 2117 775 2178 tuit.
817 2118 949 2179 Zonaree
973 2138 1006 2200 p.
1027 2122 1098 2186 128.
1119 2121 1156 2184 Δ.
1177 2121 1248 2185 edit.

150 2202 242 2265 Paris.

235 2285 311 2349 Ibin
327 2289 377 2353 13.
420 2286 571 2348 Οιᾶιιιιιιι
588 2307 621 2368 p.
635 2283 708 2352 481.
724 2285 756 2347 C.
770 2284 804 2345 Ι).
827 2285 897 2349 edit.
920 2287 1012 2351 Paris.
1039 2290 1248 2360 continuator.

150 2396 182 2455 p.
199 2379 249 2437 11.
264 2372 335 2433 edit
350 2373 441 2435 Paris.

233 2456 310 2517 lbid.
325 2463 377 2524 16.
420 2456 526 2518 Potius
540 2477 572 2519 ιι
586 2476 644 2537 pro
657 2475 700 2539 γι.

234 2542 311 2602 Ibid.
327 2546 375 2607 17.
418 2544 549 2624 Apperet
583 2541 716 2622 primum
750 2536 851 2597 theme
885 2538 978 2600 fuisse
1004 2535 1039 2603 eo*
1069 2533 1249 2607 ἆνατοιιιὸι

153 2628 314 2688 Orientale.
356 2628 431 2688 Nam
444 2649 473 2708 p.
491 2631 520 2691 6.
540 2623 672 2706 [4,10.]
693 2623 848 2684 dicebatur
862 2623 1056 2684 orientalibus
1069 2627 1248 2705 praefectus.

235 2713 301 2791 Peg.
315 2716 346 2792 6,
361 2717 391 2777 2·
435 2714 509 2773 Prae
522 2731 554 2771 ee
567 2713 625 2772 sert
638 2720 668 2770 et
682 2711 739 2772 roei
752 2702 820 2787 μετ’
831 2700 870 2770 ου’
884 2701 980 2782 πολύ,
1002 2719 1037 2768 ιιι
1054 2709 1176 2787 quidem
1187 2711 1248 2771 Bo-

149 2795 212 2856 siue
238 2797 411 2878 descripsit,
434 2797 571 2878 quemvis
597 2816 659 2857 uon
680 2794 753 2853 satie
772 2800 932 2874 apparente
947 2793 1017 2866 soei,
1038 2812 1097 2853 noo
1112 2794 1187 2855 adeo
1200 2795 1248 2856 lo-

150 2899 219 2940 cum
238 2879 367 2943 habente
387 2881 454 2960 hio;
477 2882 510 2943 et'
525 2875 564 2946 oei
586 2874 652 2963 μετ’
672 2872 712 2943 ου’
733 2873 829 2956 πολύ,
850 2888 886 2938 ιιι
901 2876 977 2937 eiius
989 2878 1021 2937 in
1036 2879 1171 2957 margine
1187 2879 1248 2941 no-

149 2964 234 3026 siani.
275 2985 331 3025 neo
349 2965 409 3026 hoc
429 2976 553 3026 rectum.
596 2966 643 3025 Ex
665 2963 760 3045 priori
779 2962 837 3041 legi
860 2973 964 3044 posset
989 2965 1130 3027 mettre«
1151 2959 1248 3029 αυίοὕ

150 3044 217 3130 μετ’
238 3043 276 3112 ov'
298 3043 388 3113 πολύ.
430 3051 491 3110 Νοι
515 3051 665 3132 posteriue
687 3050 850 3110 retinemus
869 3049 1021 3109 levissima
1046 3051 1125 3110 facta
1147 3060 1248 3112 muta·

149 3136 242 3196 tione.

234 3218 309 3279 ibid.
326 3223 356 3285 8.
398 3213 510 3299 aizoi]
532 3216 651 3277 Mollem
667 3208 777 3290 αὐτόν,
800 3224 831 3273 et
844 3219 1008 3294 praemisso
1021 3226 1175 3277 commate

232 3303 309 3364 Ibid.
323 3307 353 3368 9.
395 3300 469 3385 unet
484 3300 555 3383 nui]
577 3304 655 3362 Loco
667 3299 720 3364 seui
734 3298 827 3378 megin
843 3299 1004 3379 quadraret
1016 3301 1162 3364 articulus
1175 3306 1247 3367 eois.

233 3388 276 3449 Ee
289 3390 375 3450 fuere
390 3387 550 3472 ἁλουργές,
571 3389 751 3469 κοκκοβαφῆ
764 3383 872 3450 πέδιλα
886 3395 918 3446 et
932 3379 1076 3468 διάδημα.
1118 3386 1246 3454 esdron

149 3493 181 3555 p·
194 3470 265 3539 485.
280 3473 318 3535 A.
331 3474 402 3539 edit.
416 3474 510 3536 Paria.
524 3474 562 3534 ele
574 3475 675 3534 eadem
687 3493 731 3538 re.

234 3557 311 3617 Ibid.
330 3566 379 3627 12.
422 3559 637 3635 Soloecismus,
657 3558 717 3617 nisi
732 3578 788 3638 pro
804 3555 915 3620 temon
929 3554 1009 3635 leges
1026 3550 1130 3621 αὐτοῦ.

217 3641 269 3788 d111
282 3642 397 3705 Graeco
410 3644 493 3707 dent
502 3644 625 3728 λέγεται,
644 3642 725 3723 quod
738 3642 865 3704 habetur
876 3641 909 3702 in
922 3640 1092 3703 Continuat
1105 3664 1137 3724 p.
1152 3648 1202 3709 12.
1212 3643 1244 3702 B.

150 3726 204 3789 ubi
239 3727 423 3794 eesoemre.

233 3811 311 3874 lbid.
329 3813 378 3878 14.
422 3815 574 3874 Cedrenus
589 3809 749 3891 ceterique.

234 3897 312 3959 Ibin
328 3901 377 3961 17.
420 3899 570 3963 cedrenus
587 3920 618 3980 p.
635 3898 706 3963 485.
720 3892 755 3962 B.
773 3897 844 3958 edit
857 3895 950 3957 Paris.

235 3981 312 4045 Ibid.
327 3987 377 4049 21.
421 3983 593 4045 Continuat.
603 4005 636 4064 p.
649 3987 697 4049 12
711 3982 742 4041 C.
757 3983 826 4043 edit.
841 3981 934 4042 Paris.

236 4066 314 4129 Ibid.
328 4070 379 4134 22.
419 4067 510 4129 Decet
531 4067 753 4129 substantivum
785 4057 961 4149 [μαρμάρῳ.
992 4059 1089 4122 Habet
1116 4059 1245 4142 codex}

152 4148 244 4230 Apud
258 4155 436 4232 symeonem
448 4153 661 4232 logothetam,
682 4152 737 4232 qui
754 4153 832 4212 solet
844 4148 981 4211 noetruin
996 4145 1177 4228 quandoque
1191 4166 1248 4207 ex·

153 4234 299 4315 seribere,
322 4248 367 4299 eet
382 4233 526 4322 μαρμάρῳ
541 4260 572 4319 p.
586 4239 660 4304 402.
678 4237 750 4301 edit.
763 4237 855 4302 Paris.
872 4235 906 4302 iv
920 4238 965 4321 τῷ
979 4226 1050 4296 eur’
1064 4229 1244 4313 ἐπιφάνειαν

154 4324 286 4406 tutti
299 4318 512 4407 numantiae
527 4318 683 4407 μαρμάρῳ·
