2988 5000
566 453 621 519 ΔΒ
646 450 885 520 LECTOREM.
1219 475 1263 520 xv

168 623 338 693 llerwardo
359 627 398 687 ab
418 624 622 707 Hohenburg‚
643 623 838 690 serenissimi
856 621 1000 713 principis
1020 622 1168 691 Bavnrim
1187 648 1262 691 oon·

168 731 284 795 siliario
303 729 414 793 intimo
431 739 462 792 et
484 730 667 811 inclytorum
688 740 821 792 statuum
839 726 1054 793 Bavaricorum
1077 730 1261 811 cancellario,

166 834 255 898 cuius
268 854 337 896 cura
351 843 383 896 et
395 831 529 918 impulsu
542 834 654 895 iactum
668 843 715 895 est
728 843 761 894 ut
774 830 857 896 edito
870 834 1006 913 catalogo
1021 831 1140 898 codices
1154 832 1262 899 Graeci

164 937 365 1024 manuscripti
379 936 578 999 bibliothecae
592 934 756 1000 Bavaricae
769 957 838 998 cum
851 934 949 1000 doctis
961 935 1034 1000 viris
1048 936 1208 1021 aliquando
1222 937 1261 1003 ad

165 1040 321 1128 publicam
331 1038 501 1103 utilitatem
523 1038 822 1103 communicarentur.
873 1039 906 1102 in
927 1040 1036 1126 quinus
1057 1041 1137 1104 launo
1149 1040 1262 1107 diutius
1368 1032 1370 1036 Α

166 1145 266 1208 iacere
277 1143 310 1207 in
324 1142 455 1207 tenebris
468 1164 531 1206 non
546 1141 690 1230 oportuit.

433 1310 490 1377 DE
515 1312 682 1380 outlssls
707 1314 733 1376 A
758 1309 1005 1376 statocsm

148 1462 153 1469 ·
269 1449 318 1513 De
339 1451 465 1515 cacteris
486 1470 503 1512 a
527 1450 670 1537 scriptore
689 1451 748 1513 hoc
768 1446 801 1512 in
814 1448 950 1512 Marrricii
964 1453 1053 1513 rebus
1066 1450 1261 1536 praetenuis-

165 1550 231 1632 sis,
250 1563 282 1616 et
304 1555 375 1639 quia
395 1573 544 1640 perpauca
564 1566 595 1617 et
617 1553 771 1640 quianon
793 1552 896 1634 magni
916 1552 1065 1615 momenti
1078 1565 1164 1634 sunt,
1185 1555 1259 1616 nilril

166 1656 279 1721 dicam.
328 1655 379 1719 illa
400 1676 419 1717 a
437 1656 560 1742 reliquis
575 1658 717 1721 omnibus
730 1656 831 1743 posita
846 1667 877 1719 et
889 1657 1059 1718 narratione
1073 1677 1108 1719 ac
1122 1657 1197 1718 scitu
1212 1655 1262 1718 di-

165 1758 333 1839 gainam,
357 1780 449 1844 quare
473 1760 597 1823 tacuerit
622 1761 782 1841 (ignorare
801 1759 884 1822 enim
907 1780 942 1820 ea
965 1780 1027 1819 non
1041 1757 1161 1844 potuit)
1187 1780 1261 1823 con·

165 1860 279 1925 iectura
299 1860 478 1944 indagemus
499 1864 586 1942 lieet,
611 1863 818 1926 cnrdelitatern
839 1861 871 1921 in
892 1859 1078 1947 captivorum
1100 1858 1261 1925 duodecim

165 1964 282 2042 nullia,
315 1988 392 2050 qnos
422 1988 492 2029 cum
518 1986 581 2027 non
602 1965 644 2026 ita
665 1962 769 2045 grandi
796 1961 923 2048 pecunia
944 1961 1093 2026 redimere
1114 1964 1261 2049 potuisset

167 2070 253 2143 (non
275 2068 358 2129 enim
380 2069 449 2151 plus
469 2087 596 2129 nummo
616 2087 707 2130 aureo
725 2066 758 2128 in
776 2077 864 2150 caput
877 2065 1075 2128 constituebat
1091 2066 1260 2148 (llrnganus,

166 2169 267 2230 immo
287 2166 489 2252 dimidiam),
521 2169 705 2242 meraritis
725 2168 837 2247 noluit,
864 2178 953 2252 atque
975 2168 1017 2230 ita
1037 2179 1071 2231 ut
1091 2190 1201 2234 omnes
1220 2170 1260 2234 ad

166 2292 265 2332 unum
286 2283 484 2335 mactarentur
505 2271 537 2334 in
560 2293 647 2336 cansa
660 2270 728 2340 luit.
781 2282 814 2334 et
829 2267 981 2357 displicuit
994 2272 1053 2334 hoc
1064 2276 1192 2340 verbum
1205 2295 1259 2338 co·

166 2394 234 2435 ram
248 2372 384 2471 domino.
435 2379 632 2462 quamobrem
645 2395 701 2460 per
713 2373 846 2460 quietem
859 2394 894 2438 se
907 2371 946 2437 nd
961 2374 1114 2439 Christano
1127 2376 1260 2442 iudicem

165 2474 252 2537 citari
272 2488 304 2539 et
322 2478 454 2540 accusari
474 2499 492 2539 o
513 2479 639 2564 captivis
659 2476 746 2543 vidit.
795 2476 1052 2563 interrogatusque
1070 2479 1157 2544 bime
1172 2501 1212 2543 an
1225 2482 1258 2544 in

166 2581 265 2640 latura
278 2577 339 2642 rita
354 2581 484 2666 pretium
498 2581 556 2644 sibi
570 2602 625 2668 pro
640 2581 753 2643 scelere
765 2581 857 2643 vellet
878 2579 980 2659 reddi,
1005 2580 1056 2642 hic
1073 2583 1137 2664 hic,
1162 2584 1259 2648 raise-

162 2681 260 2744 ricors
284 2680 427 2761 domine,
458 2683 623 2771 respondit.
674 2694 740 2744 tum
761 2681 872 2763 index,
903 2682 1012 2746 tradite
1031 2684 1117 2748 illum
1138 2685 1259 2750 Phocoe

162 2783 234 2845 cuin
249 2806 343 2847 uxore
358 2798 387 2847 et
401 2786 513 2850 liberis.
563 2797 754 2873 experrectus
767 2784 969 2873 Pltilippicmn
990 2788 1102 2852 sororis
1115 2790 1259 2853 maritum

164 2898 291 2971 repente
310 2889 481 2968 accersirit3
511 2900 541 2951 et
553 2889 696 2975 ‹pnonlam
710 2910 781 2951 earn
796 2888 963 2971 tyrannidis
977 2904 1150 2977 suspectum
1162 2895 1259 2956 lralre-

165 2990 218 3050 tnt
239 2988 367 3075 ideoque
386 2991 418 3052 in
439 3012 587 3054 carcerem
602 2992 786 3070 coniecerat,
807 2990 839 3053 in
853 3013 950 3073 genua
964 2992 1123 3079 procidens
1136 2995 1257 3059 veniam

165 3092 207 3153 ab
221 3111 260 3153 co
274 3093 390 3177 petivit.
434 3095 509 3156 ltnec
523 3115 541 3156 a
553 3093 742 3178 Theophane
756 3093 852 3156 luslus
865 3107 1064 3182 exponuntur.
1112 3097 1257 3186 perstrin-

166 3191 212 3274 gn
226 3214 264 3256 ss
277 3192 424 3258 duntaxat
438 3182 626 3284 nicophorus
640 3197 691 3259 tn.
710 3198 748 3259 18
763 3216 827 3283 cap.
841 3199 893 3261 ss.

207 3362 264 3427 DE
287 3362 519 3431 LlBllll'l'ATE
543 3363 749 3432 tuetoltls
772 3363 817 3430 ut
840 3366 1225 3437 APl‘ELLtlTIONIBUS.

268 3498 439 3564 lllonendus
459 3504 537 3564 milri
558 3525 609 3583 es,
630 3506 711 3565 bone
731 3505 838 3582 lector,
864 3500 1124 3591 Theopltylnctum
1137 3506 1170 3570 ln
1182 3508 1257 3573 Per·

165 3601 211 3664 sis
230 3611 260 3663 et
281 3601 405 3666 Perside
425 3604 617 3669 nominandis
637 3627 706 3668 esse
724 3605 883 3690 copiosum
897 3617 928 3668 et
942 3608 1068 3672 varium.
1120 3613 1257 3676 nominat

165 3705 251 3766 enias
264 3705 334 3769 illos
347 3706 439 3769 etiam
452 3705 653 3788 Babylonios,
675 3708 818 3785 Parthos,
837 3705 961 3788 Medos,
983 3709 1166 3792 Chaldaeos,
1186 3718 1257 3778 bar-

166 3809 276 3885 baros3
302 3809 380 3871 hanc
401 3806 553 3872 llledicam
573 3820 603 3870 et
623 3808 823 3890 Babyloniam
849 3811 931 3896 (quo
944 3817 1090 3879 vocabulo
1105 3828 1135 3879 et
1149 3816 1256 3879 Seleu·

166 3909 265 3990 dam,
290 3912 404 3992 regiam
425 3911 549 3989 sedem,
576 3911 733 3995 aliquoties
757 3912 911 3995 intelligit:
943 3938 1015 3980 nam
1036 3930 1065 3980 et
1085 3917 1255 4000 Babylonia

166 4010 247 4073 dicta
277 4017 359 4094 est),
386 4014 451 4079 sive
475 4025 580 4101 poetas
607 4014 746 4094 imitans,
772 4015 823 4100 qui
843 4016 1010 4081 vicinoraun
1030 4020 1203 4085 nominibus
1223 4021 1255 4085 in

166 4114 358 4199 appellandis
373 4118 446 4180 locis
459 4130 489 4180 et
502 4115 641 4198 gentibus
655 4129 794 4197 utuntur-3
819 4118 886 4185 sivo
904 4123 974 4206 quia
988 4121 1063 4185 olim
1077 4127 1133 4186 solr
1148 4122 1255 4189 eadem

166 4219 341 4282 monarchia
355 4240 461 4283 omnes
474 4224 611 4300 luerunt3
636 4220 702 4284 sive
714 4221 783 4306 quia
796 4224 848 4286 alii
860 4246 902 4286 ex
915 4224 982 4285 aliis
996 4222 1211 4292 descenderunt
1225 4240 1256 4292 et

164 4317 220 4378 alii
242 4333 312 4406 post
330 4322 407 4386 alios
425 4343 525 4385 reram
540 4322 629 4410 potiti
647 4335 726 4388 sunt.
777 4325 824 4386 cui
836 4326 881 4387 rei
894 4325 1066 4412 probandae
1080 4329 1189 4393 saciant
1202 4332 1255 4394 illa

164 4423 260 4485 rerba
280 4425 370 4506 legati
391 4424 544 4491 chosroae
562 4426 642 4509 regis
662 4425 822 4490 Persas-run
841 4427 881 4492 ml
898 4424 1074 4495 Mauricium
1087 4433 1254 4521 imperato-
