2928 5000
116 1130 453 1226 PRAEFATIO
488 1128 711 1224 CAROLI
738 1130 1094 1226 LAGHMANNI.

484 1360 710 1380 μ

64 1527 207 1637 Geren
239 1563 396 1634 historiae
429 1564 537 1634 codex
570 1585 654 1634 unus
693 1571 782 1632 extat
811 1562 1011 1655 Lipsiensis,
1049 1565 1148 1656 pagi-

64 1710 174 1757 narum
203 1683 254 1754 Π
283 1686 412 1756 formae
444 1685 627 1770 maximae,
668 1683 769 1753 editio
799 1684 879 1752 item
912 1705 979 1752 una
1010 1679 1149 1769 Veneta,

63 1832 89 1878 a.
113 1805 230 1894 lana,
256 1806 309 1873 cui
335 1804 449 1874 addita
467 1814 518 1875 est
537 1805 588 1879 st.
607 1805 764 1899 Bergicri
783 1804 1010 1898 interpretatio
1030 1801 1149 1871 Latina
1230 1867 1232 1871 ,

63 1938 94 1995 et
121 1926 290 1998 annotatio
323 1925 414 2017 (vid.
448 1925 580 1995 Fabric.
613 1925 773 2011 Harlesii,
810 1924 873 1991 vol.
896 1922 943 2008 i,
976 1946 1010 2015 p.
1038 1918 1147 2013 522).

60 2046 136 2115 mihi
154 2054 291 2141 praeter
311 2045 548 2140 apographum
570 2042 720 2113 editionis
740 2042 892 2110 Venetae
906 2042 1149 2133 imperitissime

60 2166 177 2235 iactum
197 2165 339 2234 traditae
363 2172 439 2233 sunt
458 2165 500 2231 E.
523 2161 685 2230 Wundsri
710 2161 751 2234 V.
776 2160 828 2232 cl.
856 2159 1002 2230 schedae
1027 2162 1149 2252 quibus

60 2285 230 2354 editionem
264 2305 340 2351 curn
371 2280 488 2350 codice
521 2304 644 2376 inagna
677 2281 848 2374 diligentia
887 2281 1033 2350 contulit
1083 2280 1150 2350 hac

59 2403 227 2472 collatione
246 2403 292 2470 ita
312 2422 391 2470 usus
411 2423 504 2488 snm,
525 2410 563 2470 ut
582 2398 732 2501 editionis
753 2402 901 2471 Venetae
923 2421 1054 2471 errores
1071 2422 1149 2469 raro

58 2522 229 2592 indearem
243 2519 328 2613 (V),
353 2521 534 2613 plerosque
559 2520 679 2612 (erant
704 2531 816 2592 autem
833 2545 944 2615 paena
963 2521 1147 2610 innumeri)

57 2644 148 2713 tacite
186 2642 400 2732 corrigerem.
452 2639 556 2708 verba
589 2640 760 2733 scriptoris
793 2642 872 2711 satis
905 2648 1060 2710 accurate
1095 2638 1147 2708 di·

57 2764 160 2852 stinxi,
186 2761 365 2832 emendare
385 2783 454 2829 non
469 2762 547 2829 satis
567 2764 681 2852 potui:
704 2763 818 2832 curavi
838 2772 950 2831 tamen
970 2769 1007 2830 nt
1029 2783 1146 2831 emen-

57 2883 189 2953 dationis
209 2884 461 2951 instrumentum
482 2888 637 2975 paratum
656 2892 754 2955 esset.
802 2883 916 2973 itaque
939 2880 1064 2950 codicis
1083 2881 1145 2950 Li-

55 3003 185 3092 psiensis
208 3002 406 3094 scripturam
425 3001 501 3093 (L),
528 3002 657 3092 quoties
681 3004 725 3071 ab
752 3026 792 3072 ea
817 3000 1045 3072 recedendum
1071 3021 1144 3068 csse

56 3123 234 3209 rideretur,
266 3146 309 3192 ex
343 3121 487 3191 editione
517 3122 645 3192 Veneta
670 3124 724 3192 vel
757 3146 798 3191 ex
823 3120 985 3191 Wunderi
1009 3115 1142 3189 schedis

56 3245 218 3312 annotari:
251 3240 497 3312 emendationes
529 3243 704 3335 Bergleri,
735 3244 762 3310 si
796 3240 990 3334 probabiles
1023 3247 1142 3329 essem,

55 3363 178 3431 nomine
204 3364 274 3433 eius
298 3361 464 3434 interdurn
488 3361 550 3430 sed
573 3383 650 3431 raro
678 3361 811 3433 adiecto
832 3362 915 3455 (Β),
948 3361 1004 3431 rel
1028 3359 1142 3453 recepi

55 3481 103 3548 rei
125 3484 400 3553 commemoravi:
432 3504 524 3551 meas
549 3483 632 3551 tanti
656 3505 723 3553 non
749 3483 854 3572 facio,
885 3491 924 3550 ut
949 3505 970 3548 a
994 3478 1142 3573 BergIe-

54 3597 141 3670 rianis
175 3602 425 3695 distinguendas
458 3602 619 3675 duxerim.
670 3606 779 3673 neutri
809 3612 958 3674 nostrum
989 3599 1142 3668 iniuriam

54 3715 163 3789 feccrit
189 3722 248 3812 qui
272 3724 382 3791 ouruia
406 3723 583 3813 inquibus
608 3720 694 3791 haec
714 3723 817 3792 editio
842 3745 863 3789 a
889 3718 1007 3789 codice
1027 3717 1143 3789 differt

53 3832 211 3931 Bergiero
236 3840 431 3933 ascripserit
481 3841 579 3911 haim
605 3841 872 3930 emendationes,
898 3863 982 3930 quas
1001 3838 1140 3930 quidem

54 3974 137 4023 seras
160 3982 236 4028 csse
260 3968 432 4052 putarem,
459 3961 571 4030 curavi
593 3983 636 4030 ne
660 3962 780 4031 iterum
804 3962 838 4030 in
862 3960 933 4029 eins
951 3957 1139 4028 annotatio·

53 4073 137 4145 nibus
153 4086 373 4170 ponerenturt
397 4084 622 4152 annotationes
641 4091 768 4153 ceteras
788 4089 916 4151 tanturn
933 4101 1000 4149 non
1021 4100 1137 4149 omnes

53 4194 158 4265 retinui
183 4205 219 4266 et
242 4207 402 4291 quantum
419 4201 494 4269 fieri
511 4202 619 4296 potuit
638 4201 826 4272 emendavi:
852 4206 947 4270 erant
966 4196 1054 4267 enim
1073 4217 1137 4266 ua-

53 4311 500 4413 giegsutissimeexpressae
553 4315 1165 4413 eammpmssubtaxturdm‘
