2932 5006
432 426 723 497 rnsronunuu
746 429 788 499 n
810 428 868 502 16.
1118 370 1193 501 τίν

106 602 176 689 ηίας
190 600 230 670 τί
242 600 323 689 ίερδν
333 598 541 672 ἀνατέθειται.
591 603 743 687 μηδεμιᾶς
755 605 917 688 τοιγαροῦν
930 597 1033 682 tuone
1047 599 1192 668 ίνυπνίων

105 707 299 794 ἐπιφανείσης
316 703 420 794 αύτῷ,
443 700 637 789 λιταζύμενος
655 702 721 788 ε’ίμα
741 709 786 794 τῷ
810 709 895 793 λαῷ,
923 706 966 780 είς
986 703 1042 789 την
1058 703 1119 790 arpi
1135 709 1193 771 τοῦ

103 807 213 886 ίίστεος
233 815 289 893 τῆς
308 803 504 893 θεσμήτορος
523 809 621 874 οίκίον
640 807 795 892 διημέρευε
806 804 1116 893 μυσταγωγούμενος,
1142 809 1194 874 καί

104 918 159 995 τῆς
169 914 357 997 θεανδρικῆς
368 906 569 997 μενελύγχαντ
582 911 782 987 πανδαισίας·
803 905 820 975 ὃ
834 911 868 976 tt
881 909 957 987 νεώς
971 910 1048 994 πρὸς
1058 917 1098 997 τῇ
1110 915 1194 997 πηγῇ

81 1016 308 1099 ὄναταλίγεται.
357 1019 397 1100 τῇ
418 1012 451 1079 δ’
473 1010 622 1107 ύστεραίρι
640 1010 658 1081 ὅ
676 1011 822 1097 βασιλεύς
842 1009 966 1097 ύπύρας
988 1014 1130 1101 ίντεῇθεν
1143 1015 1193 1080 ini

103 1116 138 1183 τί
151 1113 312 1202 λεγόμενον
319 1113 474 1200 Ἓθδομον
486 1119 607 1203 γίνεται.
635 1114 754 1193 ἓκταῒος
767 1117 802 1182 ti
814 1124 858 1205 τῷ
864 1117 974 1204 Ῥηγίῳ
989 1116 1191 1201 προσίβαλλε.

103 1219 242 1285 ίνταῦθα
265 1223 389 1304 πλῆθος
413 1219 539 1304 ίίπειρσν
561 1226 624 1287 τιῦν
645 1215 870 1304 μετανοούντων
885 1216 1113 1305 συνήθροιστο,
1140 1222 1191 1286 καί
1206 1232 1229 1288 Ρ
1247 1231 1296 1289 141

102 1319 186 1406 η’ξίου
210 1348 242 1388 τι
263 1321 349 1410 παρὰ
370 1330 427 1389 τοῦ
445 1321 597 1404 βασιλίως
620 1322 756 1390 ittotai.
809 1318 902 1404 ὃμίν
921 1314 976 1388 σύν
989 1318 1190 1410 αὐτοκράτωρ

101 1423 139 1491 τί
148 1421 365 1511 συρρεύσαντα
377 1424 485 1510 πλήθη
494 1435 559 1503 τοῖς
567 1428 659 1493 ίκεῖσε
671 1426 834 1508 βασιλείοις
850 1425 1065 1502 ίναποκλείσας
1078 1431 1191 1513 φιλαν-

68 1531 245 1612 ίθθρωπίιις
267 1527 373 1610 ἠξίου,
400 1524 488 1593 ἱκανοί
509 1553 542 1593 τε
565 1530 830 1615 κατακερματίσας
850 1522 980 1614 ἀργύρια
1000 1525 1191 1614 ίψυγαγιύγεο

101 1636 155 1714 τῆς
170 1629 398 1714 ἀθροισθείσης
418 1627 561 1715 πληθύος
577 1631 685 1717 τὸτῆς
708 1634 812 1707 πενίας
825 1628 1011 1697 κατύδυνον.
1060 1627 1191 1715 ύρθριύς

101 1757 132 1799 τε
151 1730 332 1819 γενόμενος,
356 1730 531 1819 ίγκελεύσας
543 1759 576 1800 τε
589 1734 646 1812 τίς
659 1731 844 1821 σάλπιγγας,
870 1739 926 1819 τῆς
945 1732 1069 1820 πορείας
1089 1728 1191 1819 ‹iunip-

99 1860 176 1919 χετο.
229 1836 283 1900 ε’πί
292 1859 326 1900 τε
340 1839 444 1902 τοίνυν
454 1832 587 1922 Ῥόμφος
599 1834 757 1923 γενόμενος
769 1834 831 1903 nini
840 1843 902 1902 τῶν
915 1832 1189 1921 σωματοφυλάκων

100 1933 358 2023 προεπομπεύετο.
410 1933 484 2017 ἡδί
503 1936 621 2013 ἔκταξις
640 1933 682 2014 είς
701 1947 799 2020 μῆκος
813 1938 959 2002 διίτεινεν.
1010 1936 1079 2002 ὅδὲ
1095 1936 1190 2004 αύτσ·

68 2045 96 2100 1⁵
103 2036 225 2123 κρύτωρ
246 2033 458 2121 περιεγείννυτο
475 2043 519 2127 τῷ
534 2035 667 2123 σχήματι
686 2045 743 2122 τῆς
756 2034 903 2115 ίκτάξεως
916 2043 973 2119 τῆς
985 2036 1190 2125 προπομπού-

101 2164 155 2224 οης
167 2136 337 2223 δυνάμεως.
386 2139 424 2206 τδ
437 2141 471 2206 ut
483 2137 620 2224 μα’χιμον
630 2140 758 2207 κατόπιν
773 2138 902 2225 ίβιίδιζε,
928 2138 966 2207 τύ
980 2165 1013 2207 τε
1027 2138 1119 2219 ξύλον
1132 2148 1189 2210 τοῦ
1203 2155 1229 2210 Β

100 2248 234 2330 σταυροῦ
248 2249 304 2309 τοῦ
318 2245 461 2327 Χριστοῦ
475 2245 508 2320 ίς
520 2241 604 2327 ῦψος
618 2246 666 2310 ini
679 2241 812 2330 δόρατος
824 2234 944 2331 χρυσοῦ
958 2241 1124 2334 ύπηιύρητο
1139 2247 1191 2312 καί
1307 2298 1313 2309 .

99 2354 257 2433 προηγεῖτο
270 2352 327 2412 τοῦ
340 2369 373 2410 τε
387 2347 540 2428 βασιλίως
550 2350 602 2413 καί
612 2353 669 2431 τῆς
679 2345 843 2433 περιπύλου
860 2344 1028 2430 δυνάμεως.
1079 2344 1140 2415 uini
1156 2348 1192 2415 tt

101 2449 243 2535 δευτίραν
265 2445 351 2535 ὥραν
370 2451 483 2535 θηρίον
505 2449 700 2537 παμμίγεθες
724 2441 784 2540 (ῦς
798 2452 832 2517 tt
844 2457 937 2517 τοῦτο
953 2446 1116 2535 ίτύγχανεν
1132 2449 1189 2539 ὃν)

63 2550 199 2638 ωίχιύρει
213 2551 293 2619 κατὰ
306 2557 362 2620 τοῦ
376 2555 549 2640 Καίσαρος.
600 2560 658 2620 τοῦ
671 2555 773 2618 τοίνυν
786 2556 942 2635 βασιλείου
954 2555 1050 2619 ’ίντπου
1065 2549 1185 2620 ύποτα-
1201 2561 1229 2618 V
1244 2562 1296 2620 2³5

98 2655 266 2741 ραχθίντος
287 2661 327 2742 τῇ
349 2653 457 2748 ύθρύρ
477 2662 533 2722 τοῦ
552 2657 668 2742 θηρίου
680 2655 779 2743 iptio
789 2705 800 2735 ,
824 2662 881 2742 τῆς
894 2655 1052 2743 καθίδρας
1066 2655 1190 2741 ‹inopio-

98 2764 156 2823 λεῒν
175 2758 229 2824 τὸν
249 2757 379 2841 βασιλία
398 2759 454 2825 τδν
473 2755 622 2845 ίπιβείτην
635 2761 841 2839 κατεστασίαζ
851 2809 860 2826 .
911 2766 970 2826 τοῦ
987 2761 1022 2824 tt
1037 2759 1189 2841 βασιλίως

95 2861 162 2926 λίαν
186 2856 304 2944 ίπύχως
328 2860 473 2946 ίχομίνου
494 2869 552 2928 τοῦ
569 2868 698 2947 χαλινοῦ
718 2864 830 2947 γίνεται
844 2860 926 2925 ἄκων
943 2858 1064 2936 ὅίππος
1076 2857 1188 2944 πειθή-

96 2988 176 3044 νιος,
201 2959 243 3029 τύ
265 2987 298 3028 τε
316 2971 374 3045 τῆς
394 2962 497 3047 ὅψεως
515 2961 747 3047 ἆποβαλύμενος
767 2963 897 3043 δείματα
914 2964 966 3027 καί
987 2961 1044 3045 τὴν
1063 2957 1187 3046 γνεύμην

61 3067 275 3150 τομετίβαλλεν
282 3114 294 3146 ,
318 3058 413 3143 αὖθις
425 3076 493 3143 ταῖς
508 3061 607 3151 ἡνίαις
619 3060 884 3149 οίκονομούμενος.
934 3063 971 3131 ri
982 3064 1041 3148 μίν
1054 3056 1109 3131 ούν
1120 3069 1186 3152 θη-

160 3225 188 3283 4.
201 3229 378 3285 πανδαισίαν
391 3229 435 3284 ii’.

95 3369 257 3428 οοανοοτελο,
280 3372 380 3421 noeteee
402 3366 466 3435 epit.
499 3363 573 3420 uniie
594 3362 619 3419 ei
642 3380 690 3435 per
705 3363 816 3436 quietern
837 3363 926 3437 apetie
943 3360 1069 3418 divinitae
1084 3365 1183 3434 obtata,

96 3451 151 3488 eure
175 3434 268 3504 populo
287 3452 378 3505 precer
399 3436 521 3499 fundens,
546 3435 574 3486 in
589 3432 655 3487 aede
671 3433 713 3488 iai
729 3436 820 3489 matria
837 3441 897 3488 anta
912 3435 1000 3487 urben
1017 3433 1083 3488 dien
1100 3441 1183 3490 toturn

96 3504 174 3557 τοίνυν
188 3503 270 3556 eaorie
286 3506 428 3567 continuit,
452 3504 581 3574 epuioque
598 3503 703 3557 coeieeti
721 3502 843 3573 pasoitur.
877 3503 957 3556 aeriee
972 3503 1017 3557 iiie
1034 3502 1067 3557 ad
1086 3503 1183 3573 Pegen,

95 3570 114 3623 i.
129 3589 154 3625 a.
178 3571 211 3624 eei
234 3572 331 3626 iontem
346 3581 461 3625 vocetur.
497 3570 623 3640 postridie
639 3572 698 3626 inde
714 3573 803 3626 ebione
819 3571 851 3624 ed
869 3571 1010 3642 Septimum
1027 3572 1105 3626 venit.
1139 3573 1184 3627 elie

94 3649 168 3693 eexto
183 3639 306 3711 Rhegium
323 3640 439 3710 attingit.
472 3639 517 3691 ubi
534 3639 663 3694 innumera
686 3642 858 3695 meerdioorum
875 3641 1009 3695 multitudo
1026 3648 1183 3710 congregata

95 3709 187 3779 atipern
201 3712 235 3764 ab
252 3728 284 3764 eo
300 3709 414 3779 flagitat.
450 3724 516 3778 quoe
532 3708 558 3761 in
575 3710 671 3792 regiam
689 3727 756 3779 quaa
775 3710 828 3764 titio
844 3716 886 3763 eet
901 3710 1022 3764 inductoe
1038 3709 1183 3762 humaniter

95 3784 198 3841 trutet,
214 3788 403 3850 argenteueque
418 3793 531 3830 nummus
548 3777 646 3833 effettnr
661 3778 838 3832 dietribuendo
855 3779 967 3832 dolorem
986 3777 1109 3847 egestatis
1126 3776 1185 3829 iiio·

94 3862 149 3900 τοτα
172 3849 326 3902 oonaoiatur.
361 3854 501 3918 appetente
524 3846 582 3900 luce
605 3847 694 3901 iubena
717 3848 851 3901 cimicum
868 3847 925 3901 oeni
941 3847 993 3902 iter
1010 3844 1184 3963 proaepuitur.

93 3915 223 3986 Rouphoe
240 3916 285 3969 ubi
301 3917 426 3981 aeoeeeit,
442 3916 581 3984 etipetoree
597 3916 763 3980 antecedunt,
780 3919 851 3970 aoiee
868 3917 895 3970 in
913 3917 1014 3984 iongunr
1031 3913 1182 3981 expleatur,

96 3982 234 4054 inperetur
249 3985 322 4039 velut
337 3988 364 4040 in
381 4001 475 4058 ponpa
492 3985 702 4055 praooeeientiea
744 3985 794 4039 inie
818 3991 925 4056 aepectu
943 3983 1050 4035 miriiioo
1067 3980 1183 4036 obiecta-

95 4055 148 4106 tur.
181 4054 260 4107 robur
286 4054 390 4109 miiitum
416 4053 544 4125 posteriue
568 4055 676 4109 incedit.
720 4055 804 4123 ignum
822 4054 907 4107 cruda
924 4050 1022 4105 curiati
1041 4065 1118 4120 euper
1136 4052 1183 4104 ha·

94 4121 148 4175 atili
172 4136 248 4176 aureo
270 4124 377 4178 anbiinre
401 4130 535 4194 portatur,
556 4122 799 4206 imperatoremque,
824 4130 853 4176 et
877 4121 1055 4175 circumfusum
1076 4119 1182 4175 militen

94 4193 231 4246 uteoedit.
264 4192 316 4245 diei
340 4194 403 4246 hora
426 4194 509 4247 nitere
532 4193 672 4246 inusitatae
694 4192 825 4244 rastitatie
841 4206 885 4244 ουτ
901 4190 928 4241 in
946 4190 1123 4258 imperatorem
1140 4189 1181 4242 in·

94 4259 189 4323 tuerit,
205 4259 271 4315 untia
287 4278 369 4332 equus
385 4262 443 4316 εἰσι
459 4269 511 4314 tam
528 4260 634 4315 incitato
653 4262 753 4315 bertino
769 4263 866 4329 impetu
883 4258 1038 4311 conterritae
1054 4274 1180 4313 eeaeoretu

95 4334 214 4381 excutere
229 4330 350 4384 luctatur.
383 4348 434 4401 quo
451 4332 525 4383 irena
541 4330 669 4383 mordicus
685 4330 828 4393 retinente,
843 4343 986 4397 quanquam
1002 4328 1098 4380 invitus
1115 4328 1177 4379 obe-

93 4390 149 4463 eit,
171 4402 199 4449 et
218 4400 422 4455 terriculamenta
444 4401 478 4455 ab
499 4396 579 4454 οωίίτ
604 4399 690 4454 ablato
705 4399 738 4454 ut
753 4395 890 4470 quietior„
904 4396 1049 4469 itemque
1069 4393 1177 4450 hebenia
