2988 5000
190 374 240 416 ιιι
489 351 517 424 1.
540 349 725 420 rourum
748 351 982 423 PRAEFATIO

192 527 283 585 etiem
306 527 513 607 ortempestion
542 530 755 588 sentenu'nrum
776 532 951 590 mimustio
974 527 1162 610 Qunam
1186 531 1277 589 nimie

190 630 341 691 currerem
357 641 648 711 eteupeweooneem
658 633 725 692 olet.
775 645 890 695 eaetem
903 636 937 693 iu
949 632 1197 711 reprehensionem
1216 654 1277 693 non

190 730 315 792 eadum.
369 730 440 794 huic
456 728 568 795 iudicio
587 742 618 795 et
630 753 689 796 nos
704 732 919 815 sudiegemur,
945 731 1142 819 dictionisque
1154 732 1277 812 elegen-

189 831 265 896 tiem
278 846 320 896 ex
331 833 442 921 tropis,
467 844 534 897 turn
546 834 585 898 iis
598 833 649 921 qui
662 834 697 898 in
709 857 772 899 uno
785 839 880 901 verbo
901 848 966 900 tum
978 835 1017 899 iis
1031 836 1081 922 qui
1093 835 1125 899 in
1140 834 1277 898 emtione

189 922 362 1017 cernuntur,
387 957 530 1018 magnam
547 948 665 1025 partem
686 957 704 1001 e
725 936 1084 1025 Simocuttequnesitem,
1108 946 1140 1002 et
1152 957 1276 1022 compn-

189 1049 286 1101 rntem
307 1037 510 1123 consedimus.
559 1039 641 1128 tropi
660 1051 762 1106 eutem
783 1052 816 1106 ut
829 1041 956 1105 rariores
977 1051 1133 1119 ornatum,
1158 1040 1276 1103 sicile-

189 1140 362 1226 quentiores
381 1130 445 1205 non
472 1142 574 1205 solum
593 1142 763 1208 setistetern
783 1156 815 1208 et
826 1145 989 1231 ineptiam,
1014 1142 1071 1208 sed
1083 1144 1205 1228 insuper
1217 1142 1275 1205 ob-

189 1242 359 1307 scuritatem
381 1244 511 1331 pariunt.
560 1267 716 1311 recensere
736 1245 911 1310 huiusmodi
932 1246 1107 1333 troposhoc
1119 1246 1187 1307 loco
1199 1244 1276 1306 nihil

189 1345 305 1425 attinet,
325 1367 395 1409 cum
410 1368 459 1412 res
473 1348 629 1435 perepicuo
643 1350 691 1430 sit,
716 1348 756 1413 de
770 1371 828 1438 que
844 1352 1003 1438 loquimur.
1051 1361 1097 1412 est
1111 1358 1141 1411 et
1155 1346 1275 1409 aliunde

187 1468 296 1534 perum
314 1470 533 1538 nonnunquam
554 1449 701 1516 dilucidus
714 1453 765 1516 lric
787 1465 904 1533 ructor,
930 1463 964 1515 ut
975 1453 1169 1538 interpretem
1182 1449 1276 1512 etiem

166 1571 239 1628 ,me
262 1549 455 1616 eruditiorem
471 1552 585 1642 pudere
603 1575 666 1618 non
685 1553 793 1619 debent
812 1554 847 1621 id
861 1552 988 1619 candide
1000 1552 1144 1618 confiteri.
1195 1549 1276 1637 quod

188 1652 229 1717 de
249 1655 408 1721 sententiis
430 1678 492 1720 non
517 1668 686 1745 opportune
706 1658 827 1723 insertis
850 1659 982 1745 queritur
1000 1647 1143 1733 Photius,
1173 1651 1206 1716 id
1218 1652 1277 1716 eli-

186 1754 308 1843 quendo
328 1761 441 1822 ledum
461 1779 480 1822 e
503 1758 667 1824 Simoeette
689 1782 752 1825 non
773 1761 912 1824 memini.
960 1759 1078 1824 curiose
1102 1754 1225 1845 quidem
1245 1766 1277 1819 et

185 1860 315 1923 toruus
328 1862 397 1947 plus
413 1863 487 1925 sctis
499 1861 675 1944 diligentem
690 1864 799 1927 elicubi
818 1885 881 1926 non
894 1861 1086 1945 negaverim,
1111 1872 1141 1923 et
1159 1860 1192 1922 in
1204 1880 1278 1923 sen·

185 1961 288 2024 tentiis
309 1982 427 2048 quoque
449 1965 585 2029 crebrum
604 1987 675 2030 esse
694 1969 807 2030 intem:
836 1968 949 2030 neceb
966 1964 1000 2028 id
1016 1960 1276 2028 diemillidicen·

186 2061 260 2126 dum
272 2075 358 2150 puto.
409 2064 561 2128 invenitur
578 2080 731 2153 praeterea
743 2070 896 2155 eliquanto
909 2068 1075 2148 verbosior,
1100 2062 1181 2152 quod
1192 2063 1276 2127 Pho-

186 2164 263 2229 tium
282 2167 471 2252 praeteriisse
492 2166 603 2250 miror,
635 2181 667 2232 et
684 2168 768 2232 idem
795 2172 846 2234 vel
865 2172 1051 2235 continenter
1069 2167 1192 2254 repetit,
1225 2167 1275 2229 vel

185 2267 323 2351 pluribus
343 2290 435 2357 quem
451 2292 529 2358 opus
550 2281 597 2335 est
614 2269 697 2340 dicit.
748 2270 902 2335 sedenim
921 2274 998 2334 hoec
1010 2273 1066 2334 trie
1081 2292 1098 2334 e
1111 2269 1276 2355 reprehen-

185 2367 274 2432 sione
295 2369 376 2431 houd
397 2372 497 2433 aliene
515 2374 620 2437 multis
633 2371 834 2439 laudabilibus
855 2374 972 2456 egregie
984 2381 1173 2458 compenset.
1228 2379 1275 2431 est

184 2471 298 2559 quippe
319 2473 409 2535 rebus
426 2473 548 2535 illustris
567 2485 599 2535 et
610 2477 803 2555 magnificus,
823 2476 945 2541 temetsi
964 2498 1027 2539 non
1042 2473 1145 2539 ornnie
1158 2469 1278 2535 Meuri-

187 2574 241 2654 cii,
274 2571 328 2637 scd
348 2574 429 2638 belle
454 2595 523 2636 cum
544 2573 647 2638 Persis
665 2576 877 2662 potissimum,
911 2600 1022 2664 nempe
1042 2579 1174 2664 quinque
1191 2575 1276 2638 libris

186 2675 346 2763 prioribus,
370 2676 575 2766 persequitur:
601 2677 724 2766 reliquis
735 2677 831 2742 tribus
844 2675 1004 2741 adversum
1017 2679 1129 2741 Abnres
1145 2690 1175 2739 et
1187 2676 1275 2739 Solu-

185 2779 275 2845 vinos
298 2781 364 2845 eive
384 2779 511 2846 selavos
529 2792 628 2864 gesto,
659 2802 779 2845 necnon
799 2783 949 2844 funestum
969 2779 1036 2843 eius
1057 2779 1173 2842 exitum
1186 2797 1275 2839 com-

186 2882 333 2969 plectitur.
383 2904 527 2967 magnum
546 2885 637 2947 hebet
661 2904 786 2948 casuum
805 2884 999 2963 varietatem,
1035 2902 1112 2969 quae
1139 2881 1274 2961 legentes

185 2980 361 3050 mirabiliter
380 2987 498 3052 retinet.
548 3008 645 3068 genus
661 2985 828 3068 scribendi,
861 2989 889 3051 si
908 2997 1006 3050 totum
1028 2985 1120 3049 simul
1133 2983 1276 3047 universe

185 3099 375 3174 spectemus,
404 3111 478 3153 sene
499 3091 701 3170 eleboratum,
723 3089 872 3178 prudens,
893 3109 1001 3171 greve,
1027 3084 1204 3165 iucundum,
1227 3082 1276 3147 di·

184 3202 316 3273 sertum,
343 3194 492 3282 pleneque
505 3193 679 3260 oratorium.
729 3194 816 3256 effert
835 3191 979 3256 advitam
993 3192 1157 3253 homonem
1173 3210 1213 3249 ex
1225 3208 1275 3250 re-

184 3315 252 3356 rum
276 3295 537 3360 vicissitudinem
558 3296 726 3360 mutatione
753 3317 845 3384 quem
870 3294 1037 3359 rectissime
1057 3288 1274 3354 instituendum

184 3393 363 3461 documento
380 3399 549 3480 utilissima,
563 3422 600 3463 eo
613 3400 763 3486 siquidem
778 3402 839 3463 sme
850 3397 1042 3486 potissimmn
1054 3394 1180 3456 historie
1193 3393 1274 3457 texi-

183 3510 246 3579 tur,
273 3513 306 3563 ut
326 3503 454 3566 aliorum
475 3505 618 3591 exemplo
629 3505 712 3568 velut
728 3505 760 3565 in
773 3504 905 3590 speculo,
929 3497 1001 3587 quid
1013 3499 1046 3561 in
1064 3497 1202 3560 moribus
1216 3518 1274 3557 uo-

184 3600 231 3665 bis
247 3604 423 3668 secteudum
441 3605 658 3688 fugiendumve
677 3606 732 3687 sit,
757 3606 1004 3691 contemplemur.
1054 3602 1272 3662 nec·lectorcm

183 3725 272 3768 suurn
288 3707 498 3774 tantummodo
512 3710 672 3773 meliorem
686 3708 844 3774 sedetiam
857 3707 1023 3770 doctiorem
1039 3702 1191 3766 dindttere
1206 3711 1273 3761 stu-

183 3806 252 3886 det,
278 3821 309 3874 et
323 3831 392 3872 cum
405 3811 482 3875 elios
502 3813 617 3875 summi
638 3811 752 3879 ordinis
764 3814 939 3899 scriptores,
966 3819 1032 3871 tum
1049 3807 1219 3870 Homerum
1236 3822 1271 3864 se

183 3931 246 3973 non
268 3912 428 3976 oscitanter
448 3913 558 3995 legisse
585 3914 729 3979 ostendit.
782 3916 877 3978 multe
894 3912 1092 3975 nihilominus
1111 3906 1271 3993 porticulo-

182 4011 239 4074 tim
253 4015 370 4078 laudari
382 4017 415 4079 iu
432 4017 488 4078 hnc
505 4016 631 4080 historie
647 4016 831 4082 Mauriciana
847 4028 992 4105 possunt,
1011 4025 1043 4075 ut
1055 4007 1272 4093 descriptiones

182 4117 348 4199 montium,
372 4108 557 4201 'lluminum,
587 4122 794 4202 castellorum,
828 4123 978 4197 locorum,
1012 4131 1196 4201 pugnarum,
1228 4109 1272 4173 ri·

183 4230 287 4302 tumn,
313 4224 466 4288 ocutiones
479 4223 589 4312 partim
604 4242 722 4306 socrus,
750 4223 861 4312 partim
880 4219 1001 4296 civiles,
1028 4214 1139 4302 partim
1157 4213 1270 4277 milite·

182 4344 249 4405 res,
286 4326 443 4390 sententiis
460 4327 672 4392 ornatissimae
690 4349 725 4391 uc
756 4323 984 4392 robustissimae
1006 4330 1038 4383 et
1060 4315 1190 4384 omnino
1203 4317 1271 4380 elo·
