2988 5000
577 444 634 511 tlt
654 441 892 514 LECTOREM.
1220 464 1285 508 nrt

198 617 437 706 quentissimtt03
475 616 692 682 similitudines
723 617 763 684 od
784 613 994 682 illustrandum
1021 611 1284 694 accommodatae3

197 723 294 786 muita
313 721 474 811 prudenter
492 720 589 803 dicta,
614 723 710 785 molta
728 722 780 810 pie
801 720 959 810 explicata.
1010 717 1038 783 si
1055 716 1146 799 igitur
1159 717 1285 782 historia

195 846 317 912 quoquo
336 823 432 889 modo
456 825 566 914 scripta
586 824 728 907 delectat,
768 824 844 889 haec
861 821 988 889 historie
1009 821 1118 907 scripta
1140 818 1178 884 ad
1202 821 1283 884 hunc

194 926 323 992 modum
342 948 468 992 necmse
486 939 534 992 est
548 930 645 992 mutto
668 927 800 1016 amptius
819 926 967 1009 delectem
993 923 1026 988 iu
1047 924 1132 988 cuius
1144 934 1285 988 contextu

196 1027 313 1094 Graeco
330 1029 499 1095 innumeris
520 1031 595 1095 locis
612 1029 803 1095 emendando
825 1041 856 1094 et
868 1025 1107 1118 interpungendo
1118 1048 1176 1092 nos
1190 1027 1284 1091 etiam
1358 1040 1360 1044 ’

194 1144 284 1221 atque
296 1133 388 1197 etiam
403 1133 610 1221 maioremque
624 1133 657 1197 in
673 1132 801 1199 modum
814 1134 969 1208 laborasse
981 1128 1085 1196 medas
1103 1130 1206 1195 velim·

295 1234 364 1301 Iam
384 1257 458 1301 voro
478 1235 622 1317 Photius,
645 1236 697 1324 qui
717 1236 750 1300 in
770 1234 882 1300 iudicio
896 1232 1140 1300 dehschistoria
1159 1229 1285 1297 ferendo

195 1350 315 1402 acutum
336 1359 371 1403 ss
390 1340 542 1426 praebuit,
568 1340 601 1403 in
621 1340 808 1428 synopsibus
830 1359 883 1402 seu
903 1337 1086 1420 argumentis
1099 1336 1285 1418 singulorum

195 1441 341 1505 librorum
368 1440 563 1508 conficiendis
582 1462 690 1530 parum
713 1451 846 1506 accurate
866 1439 1052 1527 fideliterque
1072 1448 1209 1504 versatus
1227 1448 1284 1504 est.

195 1543 278 1607 haud
305 1544 390 1608 enim
417 1546 548 1630 ipsemet
576 1566 617 1607 ex
643 1545 773 1608 lectione
800 1556 832 1607 et
858 1543 1006 1607 memoria
1027 1542 1095 1606 ittas
1116 1539 1287 1629 composuit

196 1643 299 1732 (quod
319 1645 424 1710 multis
445 1644 510 1709 iam
528 1667 706 1733 penuasum
725 1646 849 1734 opinor,
874 1645 926 1734 qui
944 1636 1208 1733 Titeopliylactum
1228 1664 1287 1705 no-

197 1758 292 1812 strum
311 1748 448 1812 nondum
468 1747 608 1815 ridentnt
620 1759 651 1812 et
664 1749 845 1813 Photianem
857 1747 1077 1813 Bibliothecam
1088 1745 1287 1824 evotverunt)

195 1850 250 1914 sed
263 1852 406 1914 lemmata
420 1872 475 1916 seu
488 1853 655 1917 minutas
675 1852 859 1928 medonmn,
880 1852 919 1912 ab
938 1849 1039 1935 aliquo
1059 1848 1172 1912 tectore
1184 1859 1235 1910 sut
1247 1846 1288 1908 ti-

196 1953 295 2016 brurio
315 1952 521 2028 inductamm,
553 1963 585 2015 et
605 1951 640 2014 in
660 1953 811 2016 restituto
834 1951 926 2015 totius
945 1951 1062 2037 operis,
1086 1961 1120 2013 ut
1138 1969 1209 2013 mos
1230 1959 1286 2028 est,

197 2055 289 2117 simut
309 2054 471 2117 ordinatim
492 2054 622 2142 positas,
647 2065 681 2117 ut
699 2054 832 2133 invenit,
857 2052 899 2115 ita
912 2053 946 2116 in
959 2064 1028 2117 octo
1040 2046 1199 2117 maderies
1212 2073 1288 2116 con-

197 2156 339 2237 strinxit,
364 2177 400 2218 ac
411 2155 489 2219 nihii
501 2177 582 2244 pone
595 2176 614 2219 a
626 2176 660 2219 se
673 2154 918 2222 animaduersum
930 2143 1128 2236 interiiciens,
1154 2154 1287 2218 alienum

198 2259 335 2321 laborem
347 2279 403 2345 pro
417 2279 474 2323 suo
488 2258 578 2322 nobis
591 2258 717 2323 obtrusit
729 2269 761 2321 et
773 2260 876 2321 sucum
889 2259 970 2325 iecit.
1010 2279 1079 2323 cum
1093 2269 1194 2323 sutem
1207 2258 1288 2321 iern-

197 2372 277 2423 mata
296 2361 351 2423 itta
369 2382 449 2424 nunc
468 2361 642 2448 imperfecta
664 2360 742 2440 sint,
762 2382 842 2424 nunc
854 2361 957 2426 ruinas
969 2380 1062 2447 quam
1074 2383 1130 2450 pro
1143 2383 1177 2431 re
1189 2359 1288 2424 couti-

105 2494 110 2507 ·
198 2474 305 2543 neant,
330 2485 409 2526 num
429 2465 498 2556 ptus
518 2463 705 2543 contineant,
724 2485 804 2527 nunc
816 2466 856 2528 ab
869 2463 975 2528 ordine
988 2485 1090 2529 rerum
1101 2474 1287 2529 namtarum

197 2563 381 2653 discrepent,
405 2587 484 2629 nunc
506 2566 583 2629 talsa
601 2566 678 2646 sint,
702 2565 778 2630 haec
797 2567 900 2631 omnia
913 2566 987 2632 vitia
1000 2567 1033 2632 in
1046 2566 1189 2657 epitomis
1202 2566 1288 2631 Pho·

198 2668 288 2731 tianis
309 2686 405 2753 aeque
425 2669 621 2754 reperiuntur.
670 2669 777 2756 qmtrus
799 2691 856 2734 nos
877 2669 1018 2735 totiendis
1032 2691 1157 2758 operum
1170 2669 1288 2748 dantes,

198 2771 347 2858 epitomes
359 2769 398 2833 ad
410 2770 511 2858 ipsam
523 2771 701 2836 narrationis
714 2772 929 2854 integritatem,
947 2773 1058 2839 seriem
1071 2772 1290 2857 veritatemque

200 2872 513 2954 accommodavimus3
553 2872 634 2961 quod
657 2875 746 2939 facite
763 2875 938 2962 perspiciet,
963 2876 1016 2962 qui
1036 2875 1194 2963 periochas
1214 2873 1290 2936 istas

201 2974 267 3038 sire
291 2987 466 3056 argumenta
485 2975 551 3040 sive
570 2997 736 3062 synopses,
756 2989 789 3039 ut
801 2978 890 3042 nobis
902 2978 1014 3066 placuit
1026 2978 1196 3067 appetiere,
1219 2996 1290 3039 cum

201 3077 240 3140 iis
252 3098 329 3163 quae
342 3077 421 3165 apud
435 3078 578 3142 Photium
591 3080 729 3159 teguntur
747 3081 883 3143 conterre
904 3081 1042 3144 voluerit.
1092 3080 1291 3167 quemobrem

201 3180 259 3242 etsi
278 3180 345 3244 eius
364 3200 478 3244 nomen
491 3180 524 3242 in
538 3180 588 3244 itis
602 3181 741 3245 omittere
754 3180 821 3245 sine
834 3182 952 3269 piccuto
965 3193 1155 3271 poteramus,
1180 3203 1221 3246 ne
1240 3192 1289 3245 ts-

200 3303 273 3345 men
300 3282 452 3369 quispiam
477 3282 691 3365 recognitionis
711 3305 766 3348 seu
789 3283 1010 3350 emendationis
1030 3296 1150 3350 nostrae
1168 3284 1290 3367 ignauus

202 3395 253 3446 aut
271 3404 329 3446 nos
349 3394 412 3447 tam
431 3385 566 3449 nobilem
585 3386 761 3472 scriptorem
787 3387 923 3451 nondum
949 3386 1063 3454 rialisse
1083 3386 1289 3466 admiraretur,

180 3498 255 3549 ‘aut
275 3485 322 3548 itti
345 3486 471 3566 gloriam
485 3507 572 3550 suam
586 3487 733 3552 invidisse
746 3488 932 3576 opinaretur,
961 3489 1144 3577 synopsibus
1164 3488 1291 3572 singuiis

202 3586 305 3651 Photii
325 3589 527 3676 marchae,
545 3588 643 3651 immo
662 3587 965 3677 pseudopatriarchae
984 3606 1097 3656 nomen
1111 3593 1291 3682 praeposui·

203 3711 283 3756 mus.
333 3691 366 3753 in
381 3691 478 3779 capita
493 3711 737 3778 unumquemque
749 3693 859 3758 librum
871 3715 930 3760 nos
943 3694 1076 3783 primum
1089 3707 1226 3760 nostrum
1239 3716 1292 3759 se-

204 3792 264 3856 cuti
282 3789 427 3859 iudicium
445 3792 625 3876 divisimus,
646 3806 678 3859 et
697 3816 787 3862 suum
805 3798 911 3887 urique
922 3810 1132 3882 argumentetur
1145 3797 1292 3889 praescri·

205 3916 334 3982 pomus.

362 4062 421 4129 DE
443 4061 736 4134 nuscttll’rtolttt
760 4064 883 4134 HUIUS
906 4066 1139 4137 mstottltn

305 4200 414 4266 Libros
432 4203 527 4268 hosce
546 4201 752 4288 adosumnis
771 4202 909 4291 irruptos
928 4228 992 4273 non
1004 4206 1124 4293 abipso
1137 4203 1292 4287 historico,

210 4299 264 4363 sed
284 4306 322 4366 ab
342 4305 444 4392 atiquo
465 4307 562 4395 ipsius
583 4307 719 4374 surdioso
732 4310 844 4374 lectore
856 4322 908 4373 aut
920 4309 1040 4374 tibrorio
1052 4308 1211 4398 inscriptos
1223 4310 1293 4374 exi·

210 4402 315 4486 stimo,
340 4406 421 4495 qood
432 4411 619 4479 observarirn
631 4423 767 4480 vetustos
779 4411 938 4502 scriptores
951 4411 991 4479 de
1003 4412 1098 4478 tiuriis
1109 4434 1294 4496 monumen·
