2928 5000
367 397 658 466 fflsuonltnuut
681 396 770 465 vllt
798 393 854 467 14.
884 397 943 468 15.
1131 392 1205 466 345

123 563 309 653 μυστήριον,
336 572 387 636 καλ
401 570 572 635 πιαίνονται
585 562 710 654 σπόγγοι
725 564 853 645 εάωδίας
866 562 1005 651 ainricus
1012 615 1023 646 ,
1050 566 1101 633 κσλ
1114 571 1211 632 πολυ·

123 670 280 752 πλασιάζει
298 669 317 758 ἦ
332 668 451 757 μάρτυς
467 671 524 758 τὴν
538 671 674 756 ἐκροιαν·
696 668 752 737 οὖν
775 666 837 737 uide
858 670 917 759 γάρ
937 664 1076 756 γνώσεως
1087 675 1211 756 φθονῆ-

124 801 178 842 σαι
191 776 267 853 θεὸς
283 773 512 859 ἀπιστούμενος.
546 772 629 841 οὕτω
640 776 697 857 μίν
709 767 763 840 οὖν
777 768 927 859 ἧμάρτυς
942 769 1139 858 ἐπαιδαγώγει
1153 777 1209 838 soii
1226 787 1250 841 c

124 878 276 960 βασιλίως
292 878 328 943 sd
346 878 491 945 ἀπιστον·
516 874 533 944 ἀ
556 875 591 943 d'
607 872 807 962 αὐτοκράτωρ
821 877 987 961 ἀντίπεμπε
1004 884 1072 951 ταῖς
1085 882 1148 942 τῶν
1162 874 1212 940 ui-

101 978 232 1060 ὅμάτων
253 978 411 1060 ἐκβλδσεσι
437 981 492 1065 τὴν
512 987 575 1046 τῶν
596 975 737 1065 δοκρδων
758 980 911 1063 ἐπίχυσιν,
936 982 985 1047 καλ
1000 988 1067 1056 ταῖς
1083 979 1214 1063 ἐκροίαις

123 1090 187 1150 τῶν
201 1080 308 1167 μόρων
324 1083 481 1150 ἀντεδίδου
498 1089 559 1149 τῶν
575 1080 722 1165 ὀμμάτων
740 1082 794 1148 τάν
812 1083 929 1172 ὄμβρον
935 1132 946 1165 ,
975 1079 1214 1166 “daemonic”

123 1182 254 1272 φάσκων
279 1183 327 1253 “ri
342 1186 416 1265 θεὸς
432 1187 464 1252 ἐν
477 1195 542 1263 τοῖς
555 1183 651 1271 ἀγίοις
663 1185 798 1252 αδτοδ.”

225 1286 305 1354 Ἐπεί
328 1291 362 1355 δέ
383 1292 452 1355 λίαν
472 1286 675 1373 νουνεγόντως
697 1288 775 1373 πρὸς
795 1290 852 1373 τὴν
871 1287 1060 1374 παρίκβασιν
1082 1284 1212 1368 εἷ’δομεν,

124 1387 363 1475 ἀναμνησθῆναι
378 1395 428 1458 καί
441 1398 495 1476 τῆς
508 1389 690 1479 ἀπογραφῆς
704 1389 720 1458 ὅ
738 1391 862 1477 καιρός,
888 1393 938 1457 καὶ
954 1389 993 1456 rai
1007 1391 1075 1477 περὶ
1087 1390 1144 1475 τὴν
1159 1413 1216 1453 τυ-

87 1502 118 1554 10
125 1495 254 1580 ραννίδα
267 1495 444 1580 γεγενημένα
458 1492 700 1581 διεξοδικώτερον
714 1494 971 1581 ἀναγράψασθαι.

231 1596 287 1667 15.
337 1600 575 1683 Κωνσταντίνην
600 1605 762 1684 τοιγαροῦν
785 1600 842 1684 τὴν
866 1600 962 1664 παῖδα
992 1594 1135 1679 Τιβερίου
1155 1596 1212 1657 τοῦ
1229 1570 1254 1691 Β
1271 1636 1324 1692 290

123 1696 353 1785 αάτοκριίτορος
368 1700 434 1783 ἀμα
450 1703 531 1786 τρισὶ
547 1698 741 1787 θυγατράσιν
754 1701 785 1768 ἐν
800 1705 937 1788 ἰδιωτικῇ
950 1700 1030 1791 οίκίρι
1044 1698 1103 1763 τινὶ
1116 1690 1214 1760 κατεί-

123 1806 264 1867 κλειοτυν
285 1800 301 1868 d
324 1801 473 1887 τάροννος
499 1801 680 1887 ἐποιήσατο·
715 1803 857 1880 Λίοντος
873 1803 907 1868 δ’
931 1800 948 1869 ὅ
968 1800 1216 1885 οἷκοςπροοηγο-

124 1902 242 1989 ρεάετοζ
292 1908 366 1989 μηνὶ
383 1907 417 1971 δέ
431 1906 558 1994 πίμπτιρ
573 1908 623 1972 καλ
639 1900 799 1991 γριίμμοισι
818 1906 874 1990 τὴν
889 1903 1000 1970 ἐαυτοῦ
1018 1896 1216 1986 ἀναγόρευσιν

86 2015 117 2071 15
125 2005 282 2085 συντάξας
303 2005 320 2074 ὅ
341 2004 490 2093 adponi-uc
507 2008 584 2093 πρὸς
607 2006 756 2094 Χοσρόην
777 2008 938 2091 ἐξίπεμπε,
963 2006 1078 2074 Λιλιον
1091 2002 1217 2089 ἀγγελον

123 2117 180 2189 τῆς
194 2118 377 2193 τυραννικῆς
388 2114 577 2192 χειροτονίας
590 2108 875 2196 προχειρισάμενος·
901 2117 994 2177 τοῦτο
1007 2107 1066 2194 γὰρ
1083 2105 1217 2172 εἴθισται

121 2207 284 2292 Ῥωμαίοις
302 2213 397 2275 τεκαὶ
414 2212 553 2296 Πίρσαις
565 2223 677 2292 ποιεῖν,
705 2212 833 2296 ὁπηνίκα
848 2222 902 2297 τῆς
915 2213 1072 2296 βασιλείου
1089 2210 1217 2291 ἐπιβιῦσι
1233 2211 1255 2266 1’
1272 2210 1323 2264 218

124 2310 297 2395 δυνάμεως.
349 2310 365 2379 ἀ
391 2314 448 2395 μέν
469 2316 583 2390 Λίλιος
610 2314 754 2395 βασιλικά
783 2319 870 2400 δῶρα
891 2311 1106 2399 ἐπιφερόμενος
1129 2312 1159 2387 ἐς
1180 2307 1218 2374 sd

123 2414 238 2501 Δάρας
252 2418 458 2502 παραγίνεται.
509 2423 619 2482 τοῦτον
635 2413 652 2482 d
668 2417 826 2503 Γερμανὸς
838 2415 929 2506 (ἀνὴρ
946 2415 978 2479 δ’
997 2405 1087 2489 οὗτος
1102 2418 1141 2498 τῇ
1155 2416 1218 2475 τῶν

85 2517 253 2587 winricus
274 2519 344 2610 ἀξίιγ
366 2514 592 2602 κοσμούμενος,
626 2515 682 2602 τήν
708 2528 819 2586 τετοῦ
842 2517 1081 2602 ουντιταγμίνου
1104 2508 1219 2580 aristida

124 2622 338 2709 στρατοπίδου
353 2622 455 2705 λαχὼν
469 2622 651 2710 ἐπιμέλειαν)
669 2631 844 2711 περιφανῶς
860 2624 927 2688 λίαν
942 2619 1131 2697 είοεδέξατσ·
1158 2609 1220 2700 πρδ

123 2750 210 2802 τινος
236 2723 296 2810 γάρ
317 2724 449 2809 βραχίος
463 2731 518 2808 τῆς
541 2728 722 2811 τυραννίδος
744 2734 871 2813 καιροῦ,
900 2720 1048 2810 Χυσρόου
1063 2727 1120 2788 τοῦ
1133 2725 1221 2803 Περ-

124 2835 190 2895 σῶν
212 2828 363 2910 βασιλίως
386 2827 637 2911 ἀπεχθανομίνου
664 2837 707 2919 τῷ
730 2826 912 2916 πολεμάρχῳ
926 2832 1059 2913 Ναροῂ,
1087 2821 1104 2889 ri
1128 2821 1223 2886 udro-

126 2927 253 3014 κριὶτωρ
276 2933 452 3015 Μαυρίκιος
474 2928 625 2998 ἀπυπαάει
644 2939 702 3015 τῆς
721 2938 931 3020 περιρρουράς
951 2935 1008 2995 τοῦ
1035 2922 1147 3009 Δάρας
1169 2923 1224 2988 τὸν

86 3029 264 3117 ἰὸἦγεμδνα
275 3036 417 3117 Ναρσῆν,
445 3038 494 3100 καὶ
510 3035 670 3122 Γερμανδν
685 3035 909 3120 ἀντανίοτησιν,
933 3033 1075 3099 ἐντεῦθεν
1091 3024 1106 3094 ἀ
1122 3030 1220 3094 Mun·
1238 3036 1260 3089 u

126 3196 260 3264 odoreque
276 3193 375 3277 uuoria
391 3196 506 3280 suaviter
522 3196 646 3269 spirantis
656 3200 787 3282 osppngiac
804 3198 962 3253 imbuuntur.
984 3213 1041 3249 cum
1058 3194 1152 3247 {iusum
1169 3195 1223 3273 tum

125 3264 954 3402 nunaunt:nnnnn·nnnniune
970 3263 1225 3403 nnunrtnn

126 3402 335 3456 irscrcduiitateur
359 3403 520 3471 imperatoris
545 3422 639 3475 sapore
662 3407 768 3470 docuit;
799 3408 842 3476 qui
866 3404 997 3474 sanguinis
1023 3400 1225 3455 emanationibus

126 3471 291 3526 lacrimarum
316 3470 456 3523 effusiones
478 3475 591 3537 remisit,
618 3484 645 3527 et
669 3476 809 3528 fluentibus
827 3475 965 3543 unguentis
981 3473 1075 3523 imbres
1094 3468 1225 3523 ocuiurum

126 3557 234 3594 suorum
252 3539 387 3609 rependit,
403 3542 576 3595 “mirabitis'’
593 3544 712 3614 inquiens
729 3552 746 3575 ‘·
754 3547 817 3597 deus
835 3546 860 3597 iu
878 3544 973 3597 sanctis
991 3539 1076 3595 suis.”

198 3610 369 3678 Posteaquam
392 3608 471 3677 igitur
494 3628 544 3664 riou
568 3612 742 3681 imprudenter
758 3613 871 3684 digressi
888 3629 989 3676 suiuus,
1014 3620 1113 3679 tempus
1130 3607 1225 3664 monet,

129 3685 160 3730 at
183 3678 365 3747 descriptionis
388 3687 493 3732 nostrus
515 3683 661 3746 recordati,
685 3701 753 3754 quaa
768 3684 794 3736 iu
811 3681 963 3753 tyrrannide
979 3684 1138 3740 assumunt,
1160 3687 1225 3723 cnu-

128 3746 240 3800 cicatius
255 3764 443 3816 persequamur.

202 3817 243 3870 15.
278 3815 469 3869 Constantinam
492 3817 594 3889 itaque,
620 3819 721 3874 Tiberii
738 3818 902 3889 imperatoris
920 3819 1012 3885 filiam,
1035 3831 1085 3869 uua
1102 3827 1158 3865 cum
1177 3805 1226 3859 tri·

129 3887 178 3940 bus
196 3883 299 3936 iiiiabns
314 3886 340 3939 iu
359 3883 484 3956 privatam
502 3887 609 3953 donnum,
628 3889 721 3942 ireorris
738 3889 841 3952 dictam,
859 3900 983 3956 tyrannus
1000 3882 1116 3940 includit.
1139 3893 1225 3931 menso

129 3955 224 4024 quinto
242 3953 336 4007 litteris
352 3954 456 4075 scriptis
473 3955 603 4009 Ciscsrceu
621 3958 656 4012 da
671 3977 717 4013 oua
734 3958 940 4026 inauguratione,
959 3957 1024 4008 iriiiu
1042 3952 1117 4005 nutus
1134 3957 1226 4015 tyran·

131 4027 207 4077 uicsc
231 4023 369 4075 creationis
412 4024 493 4076 eiecto
520 4027 623 4089 unntia,
647 4036 739 4081 munet.
774 4029 812 4079 sic
835 4028 899 4079 enisu
917 4036 944 4080 ct
962 4020 1069 4077 itaniaui
1086 4026 1112 4070 ct
1130 4017 1227 4069 Persas

130 4094 235 4156 ιοΙειιῑ,
257 4108 312 4143 cum
336 4092 361 4144 iu
387 4092 473 4161 regine
493 4093 627 4160 dignitatis
643 4098 725 4164 gradu
744 4097 909 4149 cuiiocantur.
946 4095 1026 4146 tritius
1043 4107 1100 4142 curu
1117 4084 1227 4140 muneri·

129 4162 178 4213 bus
205 4161 376 4230 imperatoriis
399 4163 492 4215 liuram
515 4163 602 4226 uenit,
628 4183 702 4232 qrrcua
728 4166 872 4218 Germanus
894 4161 1038 4227 consuistis
1061 4167 1088 4211 et
1105 4151 1228 4227 praesidii

130 4229 184 4283 iilic
203 4230 389 4299 praefecturam
407 4232 514 4284 sortitus
534 4234 668 4300 magnifico
686 4245 813 4305 apparatu
836 4232 940 4315 excipit.
977 4230 1053 4300 riuulo
1073 4227 1149 4280 ctinsn
1168 4234 1229 4277 antu

131 4308 285 4367 occupatam
303 4299 480 4368 tyrannidem,
501 4319 557 4354 cusu
576 4304 703 4355 (ilsnsroas
721 4304 800 4356 Narsi
819 4302 877 4353 duci
897 4302 1011 4352 rrrscnsus
1027 4305 1113 4360 esset,
1130 4292 1229 4348 Mauri·

130 4366 187 4420 cius
204 4370 316 4422 Narscm
334 4370 491 4438 praesectum
509 4371 634 4442 praesidii
651 4372 774 4426 Darcsuis
791 4371 881 4426 urdiua
898 4371 995 4435 mouit,
1019 4370 1229 4432 Gcrmanumquo
